%% This BibTeX bibliography file was created using BibDesk.
%% http://bibdesk.sourceforge.net/


%% Created for Edward Newell at 2015-02-10 00:16:22 -0500 


%% Saved with string encoding Unicode (UTF-8) 



@article{Warby2014385,
	Author = {Warby, S.C. and Wendt, S.L. and Welinder, P. and Munk, E.G.S. and Carrillo, O. and Sorensen, H.B.D. and Jennum, P. and Peppard, P.E. and Perona, P. and Mignot, E.},
	Date-Added = {2015-02-10 04:15:30 +0000},
	Date-Modified = {2015-02-10 04:15:30 +0000},
	Document_Type = {Article},
	Journal = {Nature Methods},
	Note = {cited By 7},
	Number = {4},
	Pages = {385-392},
	Source = {Scopus},
	Title = {Sleep-spindle detection: Crowdsourcing and evaluating performance of experts, non-experts and automated methods},
	Url = {http://www.scopus.com/inward/record.url?eid=2-s2.0-84897954667&partnerID=40&md5=561ca6d7ad930f3be53f34224fcdee4e},
	Volume = {11},
	Year = {2014},
	Bdsk-Url-1 = {http://www.scopus.com/inward/record.url?eid=2-s2.0-84897954667&partnerID=40&md5=561ca6d7ad930f3be53f34224fcdee4e},
	Bdsk-File-1 = {YnBsaXN0MDDUAQIDBAUGJCVYJHZlcnNpb25YJG9iamVjdHNZJGFyY2hpdmVyVCR0b3ASAAGGoKgHCBMUFRYaIVUkbnVsbNMJCgsMDRBWJGNsYXNzV05TLmtleXNaTlMub2JqZWN0c4AHog4PgAKAA6IREoAEgAVccmVsYXRpdmVQYXRoWWFsaWFzRGF0YV8QIS4uLy4uLy4uLy4uLy4uL3JlZnMvd2FyYnkyMDE0LnBkZtIJFxgZV05TLmRhdGGABk8RAXAAAAAAAXAAAgAADE1hY2ludG9zaCBIRAAAAAAAAAAAAAAAAAAAAMjC8XdIKwAAAnPsHg13YXJieTIwMTQucGRmAAAAAAAAAAAAAAAAAAAAAAAAAAAAAAAAAAAAAAAAAAAAAAAAAAAAAAAAAAAAAAAAAAAC/7RB0P7v2lBERiAAAAAAAAUAAgAACSAAAAAAAAAAAAAAAAAAAAAEcmVmcwAQAAgAAMjDKbcAAAARAAgAAND/NioAAAABAAwCc+weAgKtKAAAlkIAAgAxTWFjaW50b3NoIEhEOlVzZXJzOgBlbmV3ZTEwMToAcmVmczoAd2FyYnkyMDE0LnBkZgAADgAcAA0AdwBhAHIAYgB5ADIAMAAxADQALgBwAGQAZgAPABoADABNAGEAYwBpAG4AdABvAHMAaAAgAEgARAASACFVc2Vycy9lbmV3ZTEwMS9yZWZzL3dhcmJ5MjAxNC5wZGYAABMAAS8AABUAAgAP//8AANIbHB0eWiRjbGFzc25hbWVYJGNsYXNzZXNdTlNNdXRhYmxlRGF0YaMdHyBWTlNEYXRhWE5TT2JqZWN00hscIiNcTlNEaWN0aW9uYXJ5oiIgXxAPTlNLZXllZEFyY2hpdmVy0SYnVHJvb3SAAQAIABEAGgAjAC0AMgA3AEAARgBNAFQAXABnAGkAbABuAHAAcwB1AHcAhACOALIAtwC/AMECNQI6AkUCTgJcAmACZwJwAnUCggKFApcCmgKfAAAAAAAAAgEAAAAAAAAAKAAAAAAAAAAAAAAAAAAAAqE=}}

@article{Huber2001149,
	Author = {Huber, D.E. and Shiffrin, R.M. and Lyle, K.B. and Ruys, K.I.},
	Date-Added = {2015-01-29 23:04:44 +0000},
	Date-Modified = {2015-01-29 23:04:44 +0000},
	Document_Type = {Article},
	Journal = {Psychological Review},
	Note = {cited By 68},
	Number = {1},
	Pages = {149-182},
	Source = {Scopus},
	Title = {Perception and preference in short-term word priming},
	Url = {http://www.scopus.com/inward/record.url?eid=2-s2.0-0035220881&partnerID=40&md5=62c3a3702e54b52c7d60c63c0b24403f},
	Volume = {108},
	Year = {2001},
	Bdsk-Url-1 = {http://www.scopus.com/inward/record.url?eid=2-s2.0-0035220881&partnerID=40&md5=62c3a3702e54b52c7d60c63c0b24403f}}

@article{Mortensen20131020,
	Author = {Mortensen, J.M. and Musen, M.A. and Noy, N.F.},
	Date-Added = {2015-01-29 21:00:35 +0000},
	Date-Modified = {2015-01-29 21:00:35 +0000},
	Document_Type = {Article},
	Journal = {AMIA ... Annual Symposium proceedings / AMIA Symposium. AMIA Symposium},
	Note = {cited By 2},
	Pages = {1020-1029},
	Source = {Scopus},
	Title = {Crowdsourcing the verification of relationships in biomedical ontologies.},
	Url = {http://www.scopus.com/inward/record.url?eid=2-s2.0-84901273203&partnerID=40&md5=425b30c616f4247dc05c6397073b4044},
	Volume = {2013},
	Year = {2013},
	Bdsk-Url-1 = {http://www.scopus.com/inward/record.url?eid=2-s2.0-84901273203&partnerID=40&md5=425b30c616f4247dc05c6397073b4044}}

@article{Huber2008324,
	Author = {Huber, D.E.},
	Date-Added = {2015-01-29 20:14:46 +0000},
	Date-Modified = {2015-01-29 20:14:46 +0000},
	Document_Type = {Article},
	Journal = {Journal of Experimental Psychology: General},
	Note = {cited By 39},
	Number = {2},
	Pages = {324-347},
	Source = {Scopus},
	Title = {Immediate Priming and Cognitive Aftereffects},
	Url = {http://www.scopus.com/inward/record.url?eid=2-s2.0-44149102667&partnerID=40&md5=0aa498b15ea2e7544eaa680ecd94f6f8},
	Volume = {137},
	Year = {2008},
	Bdsk-File-1 = {YnBsaXN0MDDUAQIDBAUGJCVYJHZlcnNpb25YJG9iamVjdHNZJGFyY2hpdmVyVCR0b3ASAAGGoKgHCBMUFRYaIVUkbnVsbNMJCgsMDRBWJGNsYXNzV05TLmtleXNaTlMub2JqZWN0c4AHog4PgAKAA6IREoAEgAVccmVsYXRpdmVQYXRoWWFsaWFzRGF0YV8QIS4uLy4uLy4uLy4uLy4uL3JlZnMvaHViZXIyMDA4LnBkZtIJFxgZV05TLmRhdGGABk8RAXAAAAAAAXAAAgAADE1hY2ludG9zaCBIRAAAAAAAAAAAAAAAAAAAAMjC8XdIKwAAAnPsHg1odWJlcjIwMDgucGRmAAAAAAAAAAAAAAAAAAAAAAAAAAAAAAAAAAAAAAAAAAAAAAAAAAAAAAAAAAAAAAAAAAAC+1iK0O//c1BERiAAAAAAAAUAAgAACSAAAAAAAAAAAAAAAAAAAAAEcmVmcwAQAAgAAMjDKbcAAAARAAgAANDwRcMAAAABAAwCc+weAgKtKAAAlkIAAgAxTWFjaW50b3NoIEhEOlVzZXJzOgBlbmV3ZTEwMToAcmVmczoAaHViZXIyMDA4LnBkZgAADgAcAA0AaAB1AGIAZQByADIAMAAwADgALgBwAGQAZgAPABoADABNAGEAYwBpAG4AdABvAHMAaAAgAEgARAASACFVc2Vycy9lbmV3ZTEwMS9yZWZzL2h1YmVyMjAwOC5wZGYAABMAAS8AABUAAgAP//8AANIbHB0eWiRjbGFzc25hbWVYJGNsYXNzZXNdTlNNdXRhYmxlRGF0YaMdHyBWTlNEYXRhWE5TT2JqZWN00hscIiNcTlNEaWN0aW9uYXJ5oiIgXxAPTlNLZXllZEFyY2hpdmVy0SYnVHJvb3SAAQAIABEAGgAjAC0AMgA3AEAARgBNAFQAXABnAGkAbABuAHAAcwB1AHcAhACOALIAtwC/AMECNQI6AkUCTgJcAmACZwJwAnUCggKFApcCmgKfAAAAAAAAAgEAAAAAAAAAKAAAAAAAAAAAAAAAAAAAAqE=},
	Bdsk-Url-1 = {http://www.scopus.com/inward/record.url?eid=2-s2.0-44149102667&partnerID=40&md5=0aa498b15ea2e7544eaa680ecd94f6f8}}

@article{wolfson2011look,
	Author = {Wolfson, Stephen M and Lease, Matthew},
	Date-Added = {2015-01-29 17:57:06 +0000},
	Date-Modified = {2015-01-29 17:57:06 +0000},
	Journal = {Proceedings of the American Society for Information Science and Technology},
	Number = {1},
	Pages = {1--10},
	Publisher = {Wiley Online Library},
	Title = {Look before you leap: legal pitfalls of crowdsourcing},
	Volume = {48},
	Year = {2011}}

@article{clopper1934use,
	Author = {Clopper, CJ and Pearson, Egon S},
	Date-Added = {2015-01-29 05:40:55 +0000},
	Date-Modified = {2015-01-29 05:40:55 +0000},
	Journal = {Biometrika},
	Pages = {404--413},
	Publisher = {JSTOR},
	Title = {The use of confidence or fiducial limits illustrated in the case of the binomial},
	Year = {1934}}

@conference{Zhang2004562,
	Author = {Zhang, H.},
	Date-Added = {2015-01-29 04:51:00 +0000},
	Date-Modified = {2015-01-29 04:51:00 +0000},
	Document_Type = {Conference Paper},
	Journal = {Proceedings of the Seventeenth International Florida Artificial Intelligence Research Society Conference, FLAIRS 2004},
	Note = {cited By 50},
	Pages = {562-567},
	Source = {Scopus},
	Title = {The optimality of Naive Bayes},
	Url = {http://www.scopus.com/inward/record.url?eid=2-s2.0-10044283198&partnerID=40&md5=22bb4a5d2ea3874e9f371f5f355f5472},
	Volume = {2},
	Year = {2004},
	Bdsk-Url-1 = {http://www.scopus.com/inward/record.url?eid=2-s2.0-10044283198&partnerID=40&md5=22bb4a5d2ea3874e9f371f5f355f5472}}

@book{hastie2009elements,
	Author = {Hastie, Trevor and Tibshirani, Robert and Friedman, Jerome and Hastie, T and Friedman, J and Tibshirani, R},
	Date-Added = {2015-01-29 04:33:43 +0000},
	Date-Modified = {2015-01-29 04:33:43 +0000},
	Number = {1},
	Publisher = {Springer},
	Title = {The elements of statistical learning},
	Volume = {2},
	Year = {2009}}

@article{bickel2004,
	Author = {Bickel, Peter J. and Levina, Elizaveta},
	Date-Added = {2015-01-29 04:27:56 +0000},
	Date-Modified = {2015-01-29 04:27:56 +0000},
	Doi = {10.3150/bj/1106314847},
	Fjournal = {Bernoulli},
	Journal = {Bernoulli},
	Month = {12},
	Number = {6},
	Pages = {989--1010},
	Publisher = {Bernoulli Society for Mathematical Statistics and Probability},
	Title = {Some theory for Fisher's linear discriminant function, `naive Bayes', and some alternatives when there are many more variables than observations},
	Url = {http://dx.doi.org/10.3150/bj/1106314847},
	Volume = {10},
	Year = {2004},
	Bdsk-Url-1 = {http://dx.doi.org/10.3150/bj/1106314847}}

@inbook{bishop2006,
	Author = {Christopher M Bishop},
	Chapter = {Graphical Models},
	Date-Added = {2015-01-29 04:15:40 +0000},
	Date-Modified = {2015-01-29 04:19:26 +0000},
	Editor = {M. Jordan; J. Klienberg; B. Scholk{\"o}pf},
	Pages = {380-381},
	Publisher = {Springer},
	Series = {Information Science and Statistics},
	Title = {Pattern Recognition and Machine Learning},
	Year = {2006}}

@article{lerman2014leveraging,
	Author = {Lerman, Kristina and Hogg, Tad},
	Date-Added = {2015-01-09 17:46:22 +0000},
	Date-Modified = {2015-01-09 17:46:22 +0000},
	Journal = {PloS one},
	Number = {6},
	Pages = {e98914},
	Publisher = {Public Library of Science},
	Title = {Leveraging position bias to improve peer recommendation},
	Volume = {9},
	Year = {2014}}

@inproceedings{loper2002nltk,
	Author = {Loper, Edward and Bird, Steven},
	Booktitle = {Proceedings of the ACL-02 Workshop on Effective tools and methodologies for teaching natural language processing and computational linguistics-Volume 1},
	Date-Added = {2015-01-06 22:33:29 +0000},
	Date-Modified = {2015-01-06 22:33:29 +0000},
	Organization = {Association for Computational Linguistics},
	Pages = {63--70},
	Title = {NLTK: The natural language toolkit},
	Year = {2002}}

@misc{felbaum1998wordnet,
	Author = {Felbaum, C},
	Date-Added = {2015-01-06 22:25:50 +0000},
	Date-Modified = {2015-01-06 22:25:50 +0000},
	Publisher = {Cambridge: MIT Press},
	Title = {Wordnet, an Electronic Lexical Database for English},
	Year = {1998}}

@article{miller1995wordnet,
	Author = {Miller, George A},
	Date-Added = {2015-01-06 22:25:39 +0000},
	Date-Modified = {2015-01-06 22:25:39 +0000},
	Journal = {Communications of the ACM},
	Number = {11},
	Pages = {39--41},
	Publisher = {ACM},
	Title = {WordNet: a lexical database for English},
	Volume = {38},
	Year = {1995}}

@inproceedings{kilgarriff1996comparing,
	Author = {Kilgarriff, Adam},
	Booktitle = {ALLC-ACH Conference},
	Date-Added = {2015-01-06 02:18:09 +0000},
	Date-Modified = {2015-01-06 02:18:09 +0000},
	Title = {Comparing word frequencies across corpora: Why chi-square doesn't work, and an improved LOB-Brown comparison},
	Year = {1996}}

@article{kellman2009perceptual,
	Author = {Kellman, Philip J and Garrigan, Patrick},
	Date-Added = {2014-12-17 00:59:17 +0000},
	Date-Modified = {2014-12-17 00:59:17 +0000},
	Journal = {Physics of life reviews},
	Number = {2},
	Pages = {53--84},
	Publisher = {Elsevier},
	Title = {Perceptual learning and human expertise},
	Volume = {6},
	Year = {2009}}

@inproceedings{chan2014optimal,
	Author = {Chan, Siu-On and Diakonikolas, Ilias and Valiant, Paul and Valiant, Gregory},
	Booktitle = {SODA},
	Date-Added = {2014-09-23 04:52:29 +0000},
	Date-Modified = {2014-09-23 04:52:29 +0000},
	Organization = {SIAM},
	Pages = {1193--1203},
	Title = {Optimal Algorithms for Testing Closeness of Discrete Distributions.},
	Year = {2014}}

@inproceedings{batu2000testing,
	Author = {Batu, Tugkan and Fortnow, Lance and Rubinfeld, Ronitt and Smith, Warren D and White, Patrick},
	Booktitle = {Foundations of Computer Science, 2000. Proceedings. 41st Annual Symposium on},
	Date-Added = {2014-09-23 04:52:28 +0000},
	Date-Modified = {2014-09-23 04:52:28 +0000},
	Organization = {IEEE},
	Pages = {259--269},
	Title = {Testing that distributions are close},
	Year = {2000}}

@article{batu2013testing,
	Author = {Batu, Tu{\u{g}}kan and Fortnow, Lance and Rubinfeld, Ronitt and Smith, Warren D and White, Patrick},
	Date-Added = {2014-09-23 04:52:12 +0000},
	Date-Modified = {2014-09-23 04:52:12 +0000},
	Journal = {Journal of the ACM (JACM)},
	Number = {1},
	Pages = {4},
	Publisher = {ACM},
	Title = {Testing closeness of discrete distributions},
	Volume = {60},
	Year = {2013}}

@phdthesis{val-thesis,
	Author = {Gregory Valiant},
	Date-Added = {2014-09-23 04:45:54 +0000},
	Date-Modified = {2014-09-23 04:47:47 +0000},
	Month = {Sept},
	School = {University of California at Berkely},
	Title = {Algorithmic Approaches to Statisitical Questions},
	Type = {PhD Thesis},
	Year = {2012},
	Bdsk-File-1 = {YnBsaXN0MDDUAQIDBAUGJCVYJHZlcnNpb25YJG9iamVjdHNZJGFyY2hpdmVyVCR0b3ASAAGGoKgHCBMUFRYaIVUkbnVsbNMJCgsMDRBWJGNsYXNzV05TLmtleXNaTlMub2JqZWN0c4AHog4PgAKAA6IREoAEgAVccmVsYXRpdmVQYXRoWWFsaWFzRGF0YV8QJC4uLy4uL3JlZnMvTDEgcmVmcy9zYW1wbGluZ19ib29rLnBkZtIJFxgZV05TLmRhdGGABk8RAdQAAAAAAdQAAgAADE1hY2ludG9zaCBIRAAAAAAAAAAAAAAAAAAAAMjC8XdIKwAAAsbVmxFzYW1wbGluZ19ib29rLnBkZgAAAAAAAAAAAAAAAAAAAAAAAAAAAAAAAAAAAAAAAAAAAAAAAAAAAAAAAAAAAAACxtWm0C9iClBERiAAAAAAAAIAAwAACSAAAAAAAAAAAAAAAAAAAAAHTDEgcmVmcwAAEAAIAADIwym3AAAAEQAIAADQL5pKAAAAAQAcAsbVmwLG1Z8CpSBlAqGrKQITpQoCAq0oAACWQgACAFdNYWNpbnRvc2ggSEQ6VXNlcnM6AGVuZXdlMTAxOgBwcm9qZWN0czoAcHJpbWluZzoAZG9jczoAcmVmczoATDEgcmVmczoAc2FtcGxpbmdfYm9vay5wZGYAAA4AJAARAHMAYQBtAHAAbABpAG4AZwBfAGIAbwBvAGsALgBwAGQAZgAPABoADABNAGEAYwBpAG4AdABvAHMAaAAgAEgARAASAENVc2Vycy9lbmV3ZTEwMS9wcm9qZWN0cy9wcmltaW5nL2RvY3MvcmVmcy9MMSByZWZzL3NhbXBsaW5nX2Jvb2sucGRmAAATAAEvAAAVAAIAD///AADSGxwdHlokY2xhc3NuYW1lWCRjbGFzc2VzXU5TTXV0YWJsZURhdGGjHR8gVk5TRGF0YVhOU09iamVjdNIbHCIjXE5TRGljdGlvbmFyeaIiIF8QD05TS2V5ZWRBcmNoaXZlctEmJ1Ryb290gAEACAARABoAIwAtADIANwBAAEYATQBUAFwAZwBpAGwAbgBwAHMAdQB3AIQAjgC1ALoAwgDEApwCoQKsArUCwwLHAs4C1wLcAukC7AL+AwEDBgAAAAAAAAIBAAAAAAAAACgAAAAAAAAAAAAAAAAAAAMI}}

@incollection{minder2012crowdlang,
	Author = {Minder, Patrick and Bernstein, Abraham},
	Booktitle = {Social Informatics},
	Date-Added = {2014-09-23 02:56:10 +0000},
	Date-Modified = {2014-09-23 02:56:10 +0000},
	Pages = {124--137},
	Publisher = {Springer},
	Title = {Crowdlang: A programming language for the systematic exploration of human computation systems},
	Year = {2012}}

@inproceedings{kittur2011crowdforge,
	Author = {Kittur, Aniket and Smus, Boris and Khamkar, Susheel and Kraut, Robert E},
	Booktitle = {Proceedings of the 24th annual ACM symposium on User interface software and technology},
	Date-Added = {2014-09-23 02:55:28 +0000},
	Date-Modified = {2014-09-23 02:55:28 +0000},
	Organization = {ACM},
	Pages = {43--52},
	Title = {Crowdforge: Crowdsourcing complex work},
	Year = {2011}}

@inproceedings{minder2012translate,
	Author = {Minder, Patrick and Bernstein, Abraham},
	Booktitle = {Proceedings of the 3rd Annual ACM Web Science Conference},
	Date-Added = {2014-09-23 02:52:11 +0000},
	Date-Modified = {2014-09-23 02:52:11 +0000},
	Organization = {ACM},
	Pages = {209--212},
	Title = {How to translate a book within an hour: towards general purpose programmable human computers with crowdlang},
	Year = {2012}}

@inproceedings{minder2011crowdlang,
	Author = {Minder, Patrick and Bernstein, Abraham},
	Booktitle = {Human Computation},
	Date-Added = {2014-09-23 02:50:30 +0000},
	Date-Modified = {2014-09-23 02:50:30 +0000},
	Title = {CrowdLang-First Steps Towards Programmable Human Computers for General Computation.},
	Year = {2011},
	Bdsk-File-1 = {YnBsaXN0MDDUAQIDBAUGJCVYJHZlcnNpb25YJG9iamVjdHNZJGFyY2hpdmVyVCR0b3ASAAGGoKgHCBMUFRYaIVUkbnVsbNMJCgsMDRBWJGNsYXNzV05TLmtleXNaTlMub2JqZWN0c4AHog4PgAKAA6IREoAEgAVccmVsYXRpdmVQYXRoWWFsaWFzRGF0YV8QIi4uLy4uLy4uLy4uLy4uL3JlZnMvbWluZGVyMjAxMS5wZGbSCRcYGVdOUy5kYXRhgAZPEQFyAAAAAAFyAAIAAAxNYWNpbnRvc2ggSEQAAAAAAAAAAAAAAAAAAADIwvF3SCsAAAJz7B4ObWluZGVyMjAxMS5wZGYAAAAAAAAAAAAAAAAAAAAAAAAAAAAAAAAAAAAAAAAAAAAAAAAAAAAAAAAAAAAAAAAAAslutdBGWCFQREYgAAAAAAAFAAIAAAkgAAAAAAAAAAAAAAAAAAAABHJlZnMAEAAIAADIwym3AAAAEQAIAADQRpBhAAAAAQAMAnPsHgICrSgAAJZCAAIAMk1hY2ludG9zaCBIRDpVc2VyczoAZW5ld2UxMDE6AHJlZnM6AG1pbmRlcjIwMTEucGRmAA4AHgAOAG0AaQBuAGQAZQByADIAMAAxADEALgBwAGQAZgAPABoADABNAGEAYwBpAG4AdABvAHMAaAAgAEgARAASACJVc2Vycy9lbmV3ZTEwMS9yZWZzL21pbmRlcjIwMTEucGRmABMAAS8AABUAAgAP//8AANIbHB0eWiRjbGFzc25hbWVYJGNsYXNzZXNdTlNNdXRhYmxlRGF0YaMdHyBWTlNEYXRhWE5TT2JqZWN00hscIiNcTlNEaWN0aW9uYXJ5oiIgXxAPTlNLZXllZEFyY2hpdmVy0SYnVHJvb3SAAQAIABEAGgAjAC0AMgA3AEAARgBNAFQAXABnAGkAbABuAHAAcwB1AHcAhACOALMAuADAAMICOAI9AkgCUQJfAmMCagJzAngChQKIApoCnQKiAAAAAAAAAgEAAAAAAAAAKAAAAAAAAAAAAAAAAAAAAqQ=}}

@inproceedings{little2010turkit,
	Author = {Little, Greg and Chilton, Lydia B and Goldman, Max and Miller, Robert C},
	Booktitle = {Proceedings of the 23nd annual ACM symposium on User interface software and technology},
	Date-Added = {2014-09-23 02:47:46 +0000},
	Date-Modified = {2014-09-23 02:47:46 +0000},
	Organization = {ACM},
	Pages = {57--66},
	Title = {Turkit: human computation algorithms on mechanical turk},
	Year = {2010},
	Bdsk-File-1 = {YnBsaXN0MDDUAQIDBAUGJCVYJHZlcnNpb25YJG9iamVjdHNZJGFyY2hpdmVyVCR0b3ASAAGGoKgHCBMUFRYaIVUkbnVsbNMJCgsMDRBWJGNsYXNzV05TLmtleXNaTlMub2JqZWN0c4AHog4PgAKAA6IREoAEgAVccmVsYXRpdmVQYXRoWWFsaWFzRGF0YV8QIy4uLy4uLy4uLy4uLy4uL3JlZnMvbGl0dGxlXzIwMTAucGRm0gkXGBlXTlMuZGF0YYAGTxEBeAAAAAABeAACAAAMTWFjaW50b3NoIEhEAAAAAAAAAAAAAAAAAAAAyMLxd0grAAACc+weD2xpdHRsZV8yMDEwLnBkZgAAAAAAAAAAAAAAAAAAAAAAAAAAAAAAAAAAAAAAAAAAAAAAAAAAAAAAAAAAAAAAAALHnyrQNUSjUERGIAAAAAAABQACAAAJIAAAAAAAAAAAAAAAAAAAAARyZWZzABAACAAAyMMptwAAABEACAAA0DV84wAAAAEADAJz7B4CAq0oAACWQgACADNNYWNpbnRvc2ggSEQ6VXNlcnM6AGVuZXdlMTAxOgByZWZzOgBsaXR0bGVfMjAxMC5wZGYAAA4AIAAPAGwAaQB0AHQAbABlAF8AMgAwADEAMAAuAHAAZABmAA8AGgAMAE0AYQBjAGkAbgB0AG8AcwBoACAASABEABIAI1VzZXJzL2VuZXdlMTAxL3JlZnMvbGl0dGxlXzIwMTAucGRmAAATAAEvAAAVAAIAD///AADSGxwdHlokY2xhc3NuYW1lWCRjbGFzc2VzXU5TTXV0YWJsZURhdGGjHR8gVk5TRGF0YVhOU09iamVjdNIbHCIjXE5TRGljdGlvbmFyeaIiIF8QD05TS2V5ZWRBcmNoaXZlctEmJ1Ryb290gAEACAARABoAIwAtADIANwBAAEYATQBUAFwAZwBpAGwAbgBwAHMAdQB3AIQAjgC0ALkAwQDDAj8CRAJPAlgCZgJqAnECegJ/AowCjwKhAqQCqQAAAAAAAAIBAAAAAAAAACgAAAAAAAAAAAAAAAAAAAKr}}

@article{thibodeau2013natural,
	Author = {Thibodeau, Paul H and Boroditsky, Lera},
	Date-Added = {2014-09-22 04:30:17 +0000},
	Date-Modified = {2014-09-22 04:30:17 +0000},
	Journal = {PloS one},
	Number = {1},
	Pages = {e52961},
	Publisher = {Public Library of Science},
	Title = {Natural language metaphors covertly influence reasoning},
	Volume = {8},
	Year = {2013}}

@inproceedings{6116320,
	Abstract = {Subjective tests are generally regarded as the most reliable and definitive methods for assessing image quality. Nevertheless, laboratory studies are time consuming and expensive. Thus, researchers often choose to run informal studies or use objective quality measures, producing results which may not correlate well with human perception. In this paper we propose a cost-effective and convenient subjective quality measure called crowdMOS, obtained by having Internet workers participate in MOS (mean opinion score) subjective quality studies. Since these workers cannot be supervised, we propose methods for detecting and discarding inaccurate or malicious scores. To facilitate this process, we offer an open source set of tools for Amazon Mechanical Turk, which is an Internet marketplace for crowdsourcing. These tools completely automate the test design, score retrieval and statistical analysis, abstracting away the technical details of Mechanical Turk and ensuring a user-friendly, affordable and consistent test methodology. We demonstrate crowdMOS using data from the LIVE subjective quality image dataset, showing that it delivers accurate and repeatable results.},
	Author = {Ribeiro, F. and Florencio, D. and Nascimento, V.},
	Booktitle = {Image Processing (ICIP), 2011 18th IEEE International Conference on},
	Date-Added = {2014-08-04 00:00:10 +0000},
	Date-Modified = {2014-09-22 22:27:47 +0000},
	Doi = {10.1109/ICIP.2011.6116320},
	Issn = {1522-4880},
	Keywords = {Internet;image processing;multimedia computing;Amazon Mechanical Turk;Internet marketplace;Internet workers;crowdMOS;crowdsourcing subjective image quality evaluation;human perception;malicious scores;mean opinion score subjective quality studies;objective quality measures;open source set;score retrieval;statistical analysis;subjective quality image dataset;subjective quality measure;test design;Conferences;Humans;Image quality;Laboratories;Multimedia communication;Reactive power;Transform coding;MOS;crowdsourcing;mean opinion score;mechanical turk;quality assessment;subjective quality},
	Month = {Sept},
	Pages = {3097-3100},
	Read = {1},
	Title = {Crowdsourcing subjective image quality evaluation},
	Year = {2011},
	Bdsk-File-1 = {YnBsaXN0MDDUAQIDBAUGJCVYJHZlcnNpb25YJG9iamVjdHNZJGFyY2hpdmVyVCR0b3ASAAGGoKgHCBMUFRYaIVUkbnVsbNMJCgsMDRBWJGNsYXNzV05TLmtleXNaTlMub2JqZWN0c4AHog4PgAKAA6IREoAEgAVccmVsYXRpdmVQYXRoWWFsaWFzRGF0YV8QIy4uLy4uLy4uLy4uLy4uL3JlZnMvcmliaWVybzIwMTEucGRm0gkXGBlXTlMuZGF0YYAGTxEBeAAAAAABeAACAAAMTWFjaW50b3NoIEhEAAAAAAAAAAAAAAAAAAAAyMLxd0grAAACc+weD3JpYmllcm8yMDExLnBkZgAAAAAAAAAAAAAAAAAAAAAAAAAAAAAAAAAAAAAAAAAAAAAAAAAAAAAAAAAAAAAAAAK9sT7QBEVnUERGIAAAAAAABQACAAAJIAAAAAAAAAAAAAAAAAAAAARyZWZzABAACAAAyMMptwAAABEACAAA0AR9pwAAAAEADAJz7B4CAq0oAACWQgACADNNYWNpbnRvc2ggSEQ6VXNlcnM6AGVuZXdlMTAxOgByZWZzOgByaWJpZXJvMjAxMS5wZGYAAA4AIAAPAHIAaQBiAGkAZQByAG8AMgAwADEAMQAuAHAAZABmAA8AGgAMAE0AYQBjAGkAbgB0AG8AcwBoACAASABEABIAI1VzZXJzL2VuZXdlMTAxL3JlZnMvcmliaWVybzIwMTEucGRmAAATAAEvAAAVAAIAD///AADSGxwdHlokY2xhc3NuYW1lWCRjbGFzc2VzXU5TTXV0YWJsZURhdGGjHR8gVk5TRGF0YVhOU09iamVjdNIbHCIjXE5TRGljdGlvbmFyeaIiIF8QD05TS2V5ZWRBcmNoaXZlctEmJ1Ryb290gAEACAARABoAIwAtADIANwBAAEYATQBUAFwAZwBpAGwAbgBwAHMAdQB3AIQAjgC0ALkAwQDDAj8CRAJPAlgCZgJqAnECegJ/AowCjwKhAqQCqQAAAAAAAAIBAAAAAAAAACgAAAAAAAAAAAAAAAAAAAKr},
	Bdsk-Url-1 = {http://dx.doi.org/10.1109/ICIP.2011.6116320}}

@article{Berinsky2012351,
	Abstract = {We examine the trade-offs associated with using Amazon.com's Mechanical Turk (MTurk) interface for subject recruitment. We first describe MTurk and its promise as a vehicle for performing low-cost and easy-to-field experiments. We then assess the internal and external validity of experiments performed using MTurk, employing a framework that can be used to evaluate other subject pools. We first investigate the characteristics of samples drawn from the MTurk population. We show that respondents recruited in this manner are often more representative of the U.S. population than in-person convenience samples-the modal sample in published experimental political science-but less representative than subjects in Internet-based panels or national probability samples. Finally, we replicate important published experimental work using MTurk samples. {\copyright} The Author 2012. Published by Oxford University Press on behalf of the Society for Political Methodology. All rights reserved.},
	Affiliation = {Department of Political Science, Massachusetts Institute of Technology, Cambridge, MA 02139, United States; Institution for Social and Policy Studies, Yale University, New Haven, CT 06511, United States; Department of Political Science, University of California, Berkeley, Berkeley CA 94720, United States},
	Author = {Berinsky, A.J.a and Huber, G.A.b and Lenz, G.S.c},
	Date-Added = {2014-08-03 20:37:04 +0000},
	Date-Modified = {2015-01-29 18:03:39 +0000},
	Do-Read = {0},
	Document_Type = {Article},
	Journal = {Political Analysis},
	Note = {cited By (since 1996)75},
	Number = {3},
	Pages = {351-368},
	Read = {0},
	Source = {Scopus},
	Title = {Evaluating online labor markets for experimental research: Amazon.com's mechanical turk},
	Url = {http://www.scopus.com/inward/record.url?eid=2-s2.0-84864517335&partnerID=40&md5=7dacdc036f1f0fbbf8e1cbdcf6989865},
	Volume = {20},
	Year = {2012},
	Bdsk-File-1 = {YnBsaXN0MDDUAQIDBAUGJCVYJHZlcnNpb25YJG9iamVjdHNZJGFyY2hpdmVyVCR0b3ASAAGGoKgHCBMUFRYaIVUkbnVsbNMJCgsMDRBWJGNsYXNzV05TLmtleXNaTlMub2JqZWN0c4AHog4PgAKAA6IREoAEgAVccmVsYXRpdmVQYXRoWWFsaWFzRGF0YV8QJC4uLy4uLy4uLy4uLy4uL3JlZnMvYmVyaW5za3kyMDEyLnBkZtIJFxgZV05TLmRhdGGABk8RAXoAAAAAAXoAAgAADE1hY2ludG9zaCBIRAAAAAAAAAAAAAAAAAAAAMjC8XdIKwAAAnPsHhBiZXJpbnNreTIwMTIucGRmAAAAAAAAAAAAAAAAAAAAAAAAAAAAAAAAAAAAAAAAAAAAAAAAAAAAAAAAAAAAAAACva770AQVxlBERiAAAAAAAAUAAgAACSAAAAAAAAAAAAAAAAAAAAAEcmVmcwAQAAgAAMjDKbcAAAARAAgAANAETgYAAAABAAwCc+weAgKtKAAAlkIAAgA0TWFjaW50b3NoIEhEOlVzZXJzOgBlbmV3ZTEwMToAcmVmczoAYmVyaW5za3kyMDEyLnBkZgAOACIAEABiAGUAcgBpAG4AcwBrAHkAMgAwADEAMgAuAHAAZABmAA8AGgAMAE0AYQBjAGkAbgB0AG8AcwBoACAASABEABIAJFVzZXJzL2VuZXdlMTAxL3JlZnMvYmVyaW5za3kyMDEyLnBkZgATAAEvAAAVAAIAD///AADSGxwdHlokY2xhc3NuYW1lWCRjbGFzc2VzXU5TTXV0YWJsZURhdGGjHR8gVk5TRGF0YVhOU09iamVjdNIbHCIjXE5TRGljdGlvbmFyeaIiIF8QD05TS2V5ZWRBcmNoaXZlctEmJ1Ryb290gAEACAARABoAIwAtADIANwBAAEYATQBUAFwAZwBpAGwAbgBwAHMAdQB3AIQAjgC1ALoAwgDEAkICRwJSAlsCaQJtAnQCfQKCAo8CkgKkAqcCrAAAAAAAAAIBAAAAAAAAACgAAAAAAAAAAAAAAAAAAAKu},
	Bdsk-Url-1 = {http://www.scopus.com/inward/record.url?eid=2-s2.0-84864517335&partnerID=40&md5=7dacdc036f1f0fbbf8e1cbdcf6989865}}

@article{Gass1999549,
	Affiliation = {English Language Center, A-714 Wells Hall, Michigan State University, E. Lansing, MI 48824, United States},
	Author = {Gass, S. and Mackey, A. and Alvarez-Torres, M.J. and Fern{\'a}ndez-Garc{\'\i}a, M.},
	Date-Added = {2014-06-02 21:43:17 +0000},
	Date-Modified = {2015-01-29 19:34:29 +0000},
	Do-Read = {1},
	Document_Type = {Article},
	Journal = {Language Learning},
	Note = {cited By (since 1996)26},
	Number = {4},
	Pages = {549-581},
	Read = {0},
	Source = {Scopus},
	Title = {The effects of task repetition on linguistic output},
	Url = {http://www.scopus.com/inward/record.url?eid=2-s2.0-0033265615&partnerID=40&md5=aebac0b6c5c386c92ffcac8de324e895},
	Volume = {49},
	Year = {1999},
	Bdsk-File-1 = {YnBsaXN0MDDUAQIDBAUGJCVYJHZlcnNpb25YJG9iamVjdHNZJGFyY2hpdmVyVCR0b3ASAAGGoKgHCBMUFRYaIVUkbnVsbNMJCgsMDRBWJGNsYXNzV05TLmtleXNaTlMub2JqZWN0c4AHog4PgAKAA6IREoAEgAVccmVsYXRpdmVQYXRoWWFsaWFzRGF0YV8QIC4uLy4uLy4uLy4uLy4uL3JlZnMvZ2FzczE5OTkucGRm0gkXGBlXTlMuZGF0YYAGTxEBagAAAAABagACAAAMTWFjaW50b3NoIEhEAAAAAAAAAAAAAAAAAAAAyMLxd0grAAACc+weDGdhc3MxOTk5LnBkZgAAAAAAAAAAAAAAAAAAAAAAAAAAAAAAAAAAAAAAAAAAAAAAAAAAAAAAAAAAAAAAAAAAAAKxBfPPsmgEUERGIAAAAAAABQACAAAJIAAAAAAAAAAAAAAAAAAAAARyZWZzABAACAAAyMMptwAAABEACAAAz7KgRAAAAAEADAJz7B4CAq0oAACWQgACADBNYWNpbnRvc2ggSEQ6VXNlcnM6AGVuZXdlMTAxOgByZWZzOgBnYXNzMTk5OS5wZGYADgAaAAwAZwBhAHMAcwAxADkAOQA5AC4AcABkAGYADwAaAAwATQBhAGMAaQBuAHQAbwBzAGgAIABIAEQAEgAgVXNlcnMvZW5ld2UxMDEvcmVmcy9nYXNzMTk5OS5wZGYAEwABLwAAFQACAA///wAA0hscHR5aJGNsYXNzbmFtZVgkY2xhc3Nlc11OU011dGFibGVEYXRhox0fIFZOU0RhdGFYTlNPYmplY3TSGxwiI1xOU0RpY3Rpb25hcnmiIiBfEA9OU0tleWVkQXJjaGl2ZXLRJidUcm9vdIABAAgAEQAaACMALQAyADcAQABGAE0AVABcAGcAaQBsAG4AcABzAHUAdwCEAI4AsQC2AL4AwAIuAjMCPgJHAlUCWQJgAmkCbgJ7An4CkAKTApgAAAAAAAACAQAAAAAAAAAoAAAAAAAAAAAAAAAAAAACmg==},
	Bdsk-Url-1 = {http://www.scopus.com/inward/record.url?eid=2-s2.0-0033265615&partnerID=40&md5=aebac0b6c5c386c92ffcac8de324e895}}

@article{Gopher2000308,
	Abstract = {The determinants and costs of control were studied in 6 experiments examining the performance costs of changing stimulus dimension (digit value/number of elements) or attention strategies (speed/accuracy) on the first trial after task transition. Costs were compared for task shift and reconsideration only. Preparation ability was studied by presenting all transition information at the beginning of a 2-part block or only prior to each part. Results showed pronounced first-trial transition costs. Different factors were associated with stop-start and task-switching requirements. Transition costs were separate from those of basic task performance. Costs were sensitive to global control considerations and were larger for task dimension changes than for attention strategy shifts. Costs involving task dimension change, but not strategy shifts, were reduced with advanced preparation. These results are discussed in relation to contemporary models of control. A new distinction is proposed between activation and execution of control strategies.},
	Affiliation = {Dept. of Indust. Eng. and Management, Technion - Israel Inst. of Technol., Haifa, Israel; Indust. Engineering and Management, Technion, Haifa, 32000, Israel},
	Author = {Gopher, D.a b and Armony, L.a and Greenshpan, Y.a},
	Date-Added = {2014-06-02 21:36:56 +0000},
	Date-Modified = {2015-01-29 19:34:20 +0000},
	Do-Read = {1},
	Document_Type = {Article},
	Journal = {Journal of Experimental Psychology: General},
	Note = {cited By (since 1996)105},
	Number = {3},
	Pages = {308-339},
	Read = {0},
	Source = {Scopus},
	Title = {Switching tasks and attention policies},
	Url = {http://www.scopus.com/inward/record.url?eid=2-s2.0-0034277059&partnerID=40&md5=8e3d7ecbd6ccd6bbd47ac08a242f32c1},
	Volume = {129},
	Year = {2000},
	Bdsk-File-1 = {YnBsaXN0MDDUAQIDBAUGJCVYJHZlcnNpb25YJG9iamVjdHNZJGFyY2hpdmVyVCR0b3ASAAGGoKgHCBMUFRYaIVUkbnVsbNMJCgsMDRBWJGNsYXNzV05TLmtleXNaTlMub2JqZWN0c4AHog4PgAKAA6IREoAEgAVccmVsYXRpdmVQYXRoWWFsaWFzRGF0YV8QIi4uLy4uLy4uLy4uLy4uL3JlZnMvZ29waGVyMjAwMC5wZGbSCRcYGVdOUy5kYXRhgAZPEQFyAAAAAAFyAAIAAAxNYWNpbnRvc2ggSEQAAAAAAAAAAAAAAAAAAADIwvF3SCsAAAJz7B4OZ29waGVyMjAwMC5wZGYAAAAAAAAAAAAAAAAAAAAAAAAAAAAAAAAAAAAAAAAAAAAAAAAAAAAAAAAAAAAAAAAAArEFnc+yZpZQREYgAAAAAAAFAAIAAAkgAAAAAAAAAAAAAAAAAAAABHJlZnMAEAAIAADIwym3AAAAEQAIAADPsp7WAAAAAQAMAnPsHgICrSgAAJZCAAIAMk1hY2ludG9zaCBIRDpVc2VyczoAZW5ld2UxMDE6AHJlZnM6AGdvcGhlcjIwMDAucGRmAA4AHgAOAGcAbwBwAGgAZQByADIAMAAwADAALgBwAGQAZgAPABoADABNAGEAYwBpAG4AdABvAHMAaAAgAEgARAASACJVc2Vycy9lbmV3ZTEwMS9yZWZzL2dvcGhlcjIwMDAucGRmABMAAS8AABUAAgAP//8AANIbHB0eWiRjbGFzc25hbWVYJGNsYXNzZXNdTlNNdXRhYmxlRGF0YaMdHyBWTlNEYXRhWE5TT2JqZWN00hscIiNcTlNEaWN0aW9uYXJ5oiIgXxAPTlNLZXllZEFyY2hpdmVy0SYnVHJvb3SAAQAIABEAGgAjAC0AMgA3AEAARgBNAFQAXABnAGkAbABuAHAAcwB1AHcAhACOALMAuADAAMICOAI9AkgCUQJfAmMCagJzAngChQKIApoCnQKiAAAAAAAAAgEAAAAAAAAAKAAAAAAAAAAAAAAAAAAAAqQ=},
	Bdsk-Url-1 = {http://www.scopus.com/inward/record.url?eid=2-s2.0-0034277059&partnerID=40&md5=8e3d7ecbd6ccd6bbd47ac08a242f32c1}}

@conference{Antin20122925,
	Abstract = {In this study we extend research on online collaboration by examining motivation to do work on the crowdsoucing service Amazon Mechanical Turk (MTurk). We address a challenge to many existing studies of motivation in online contexts: they are based on survey self-reports, which are susceptible to effects such as social desirability bias. In addition we investigate a second challenge to the extant research on motivation in the context of MTurk: a failure to examine potential differences between MTurk workers (Turkers) from different parts of the world, especially those from the US and India, MTurk's two largest worker groups. Using a survey technique called the list experiment, we observe distinct profiles of motivation and patterns of social desirability effects among Turkers in the US and India. Among US Turkers, we find that social desirability encourages over-reporting of each of four motivating factors we examined. The over-reporting was particularly large in the case of money as a motivator. In contrast, among Turkers in India we find a more complex pattern of social desirability effects, with workers under-reporting "killing time" and "fun" as motivations, and drastically over-reporting "sense of purpose." We conclude by discussing these results and proposing implications for future research and design. Copyright 2012 ACM.},
	Affiliation = {Yahoo Research, 4401 Great America Pkwy., Santa Clara, CA 95054, United States; Department of Sociology, University of California, Berkeley, Berkeley, CA 94720, United States},
	Author = {Antin, J.a and Shaw, A.b},
	Author_Keywords = {Amazon Mechanical Turk; Crowdsourcing; Distributed work; Motivation; Social desirability},
	Date-Added = {2014-06-02 21:19:26 +0000},
	Date-Modified = {2014-06-02 21:19:26 +0000},
	Document_Type = {Conference Paper},
	Journal = {Conference on Human Factors in Computing Systems - Proceedings},
	Note = {cited By (since 1996)2},
	Pages = {2925-2934},
	Source = {Scopus},
	Title = {Social desirability bias and self-reports of motivation: A study of Amazon Mechanical Turk in the US and India},
	Url = {http://www.scopus.com/inward/record.url?eid=2-s2.0-84862060057&partnerID=40&md5=946c202cff1be192f3d5dcf6e00ec3b6},
	Year = {2012},
	Bdsk-File-1 = {YnBsaXN0MDDUAQIDBAUGJCVYJHZlcnNpb25YJG9iamVjdHNZJGFyY2hpdmVyVCR0b3ASAAGGoKgHCBMUFRYaIVUkbnVsbNMJCgsMDRBWJGNsYXNzV05TLmtleXNaTlMub2JqZWN0c4AHog4PgAKAA6IREoAEgAVccmVsYXRpdmVQYXRoWWFsaWFzRGF0YV8QIS4uLy4uLy4uLy4uLy4uL3JlZnMvYW50aW4yMDEyLnBkZtIJFxgZV05TLmRhdGGABk8RAXAAAAAAAXAAAgAADE1hY2ludG9zaCBIRAAAAAAAAAAAAAAAAAAAAMjC8XdIKwAAAnPsHg1hbnRpbjIwMTIucGRmAAAAAAAAAAAAAAAAAAAAAAAAAAAAAAAAAAAAAAAAAAAAAAAAAAAAAAAAAAAAAAAAAAACsQRjz7JitlBERiAAAAAAAAUAAgAACSAAAAAAAAAAAAAAAAAAAAAEcmVmcwAQAAgAAMjDKbcAAAARAAgAAM+ymvYAAAABAAwCc+weAgKtKAAAlkIAAgAxTWFjaW50b3NoIEhEOlVzZXJzOgBlbmV3ZTEwMToAcmVmczoAYW50aW4yMDEyLnBkZgAADgAcAA0AYQBuAHQAaQBuADIAMAAxADIALgBwAGQAZgAPABoADABNAGEAYwBpAG4AdABvAHMAaAAgAEgARAASACFVc2Vycy9lbmV3ZTEwMS9yZWZzL2FudGluMjAxMi5wZGYAABMAAS8AABUAAgAP//8AANIbHB0eWiRjbGFzc25hbWVYJGNsYXNzZXNdTlNNdXRhYmxlRGF0YaMdHyBWTlNEYXRhWE5TT2JqZWN00hscIiNcTlNEaWN0aW9uYXJ5oiIgXxAPTlNLZXllZEFyY2hpdmVy0SYnVHJvb3SAAQAIABEAGgAjAC0AMgA3AEAARgBNAFQAXABnAGkAbABuAHAAcwB1AHcAhACOALIAtwC/AMECNQI6AkUCTgJcAmACZwJwAnUCggKFApcCmgKfAAAAAAAAAgEAAAAAAAAAKAAAAAAAAAAAAAAAAAAAAqE=},
	Bdsk-Url-1 = {http://www.scopus.com/inward/record.url?eid=2-s2.0-84862060057&partnerID=40&md5=946c202cff1be192f3d5dcf6e00ec3b6}}

@article{sohn2001task,
	Author = {Sohn, Myeong-Ho and Anderson, John R},
	Date-Added = {2014-05-22 03:05:28 +0000},
	Date-Modified = {2015-01-29 19:34:21 +0000},
	Do-Read = {1},
	Journal = {Journal of Experimental Psychology: General},
	Number = {4},
	Pages = {764},
	Publisher = {American Psychological Association},
	Read = {0},
	Title = {Task preparation and task repetition: two-component model of task switching.},
	Volume = {130},
	Year = {2001},
	Bdsk-File-1 = {YnBsaXN0MDDUAQIDBAUGJCVYJHZlcnNpb25YJG9iamVjdHNZJGFyY2hpdmVyVCR0b3ASAAGGoKgHCBMUFRYaIVUkbnVsbNMJCgsMDRBWJGNsYXNzV05TLmtleXNaTlMub2JqZWN0c4AHog4PgAKAA6IREoAEgAVccmVsYXRpdmVQYXRoWWFsaWFzRGF0YV8QIC4uLy4uLy4uLy4uLy4uL3JlZnMvc29objIwMDEucGRm0gkXGBlXTlMuZGF0YYAGTxEBagAAAAABagACAAAMTWFjaW50b3NoIEhEAAAAAAAAAAAAAAAAAAAAyMLxd0grAAACc+weDHNvaG4yMDAxLnBkZgAAAAAAAAAAAAAAAAAAAAAAAAAAAAAAAAAAAAAAAAAAAAAAAAAAAAAAAAAAAAAAAAAAAAKu+jLPouHmUERGIAAAAAAABQACAAAJIAAAAAAAAAAAAAAAAAAAAARyZWZzABAACAAAyMMptwAAABEACAAAz6MaJgAAAAEADAJz7B4CAq0oAACWQgACADBNYWNpbnRvc2ggSEQ6VXNlcnM6AGVuZXdlMTAxOgByZWZzOgBzb2huMjAwMS5wZGYADgAaAAwAcwBvAGgAbgAyADAAMAAxAC4AcABkAGYADwAaAAwATQBhAGMAaQBuAHQAbwBzAGgAIABIAEQAEgAgVXNlcnMvZW5ld2UxMDEvcmVmcy9zb2huMjAwMS5wZGYAEwABLwAAFQACAA///wAA0hscHR5aJGNsYXNzbmFtZVgkY2xhc3Nlc11OU011dGFibGVEYXRhox0fIFZOU0RhdGFYTlNPYmplY3TSGxwiI1xOU0RpY3Rpb25hcnmiIiBfEA9OU0tleWVkQXJjaGl2ZXLRJidUcm9vdIABAAgAEQAaACMALQAyADcAQABGAE0AVABcAGcAaQBsAG4AcABzAHUAdwCEAI4AsQC2AL4AwAIuAjMCPgJHAlUCWQJgAmkCbgJ7An4CkAKTApgAAAAAAAACAQAAAAAAAAAoAAAAAAAAAAAAAAAAAAACmg==}}

@article{shatford1986analyzing,
	Author = {Shatford, Sara},
	Date-Added = {2014-05-14 01:06:58 +0000},
	Date-Modified = {2014-05-14 01:06:58 +0000},
	Journal = {Cataloging \& classification quarterly},
	Number = {3},
	Pages = {39--62},
	Publisher = {Taylor \& Francis},
	Title = {Analyzing the subject of a picture: a theoretical approach},
	Volume = {6},
	Year = {1986}}

@book{panofsky1939studies,
	Author = {Panofsky, Erwin},
	Date-Added = {2014-05-14 01:04:48 +0000},
	Date-Modified = {2014-05-14 01:04:48 +0000},
	Publisher = {New York},
	Title = {Studies in iconology},
	Year = {1939}}

@article{Tversky1977327,
	Author = {Tversky, A.},
	Date-Added = {2014-05-14 00:53:38 +0000},
	Date-Modified = {2014-05-14 00:53:38 +0000},
	Document_Type = {Article},
	Journal = {Psychological Review},
	Note = {cited By (since 1996)2274},
	Number = {4},
	Pages = {327-352},
	Source = {Scopus},
	Title = {Features of similarity},
	Url = {http://www.scopus.com/inward/record.url?eid=2-s2.0-58149411184&partnerID=40&md5=bf1cbbc038c358bc5e56cd427cfbc1f8},
	Volume = {84},
	Year = {1977},
	Bdsk-File-1 = {YnBsaXN0MDDUAQIDBAUGJCVYJHZlcnNpb25YJG9iamVjdHNZJGFyY2hpdmVyVCR0b3ASAAGGoKgHCBMUFRYaIVUkbnVsbNMJCgsMDRBWJGNsYXNzV05TLmtleXNaTlMub2JqZWN0c4AHog4PgAKAA6IREoAEgAVccmVsYXRpdmVQYXRoWWFsaWFzRGF0YV8QIy4uLy4uLy4uLy4uLy4uL3JlZnMvdHZlcnNreTE5NzcucGRm0gkXGBlXTlMuZGF0YYAGTxEBeAAAAAABeAACAAAMTWFjaW50b3NoIEhEAAAAAAAAAAAAAAAAAAAAyMLxd0grAAACc+weD3R2ZXJza3kxOTc3LnBkZgAAAAAAAAAAAAAAAAAAAAAAAAAAAAAAAAAAAAAAAAAAAAAAAAAAAAAAAAAAAAAAAAKtEWXPmDbhAAAAAAAAAAAABQACAAAJIAAAAAAAAAAAAAAAAAAAAARyZWZzABAACAAAyMMptwAAABEACAAAz5hvIQAAAAEADAJz7B4CAq0oAACWQgACADNNYWNpbnRvc2ggSEQ6VXNlcnM6AGVuZXdlMTAxOgByZWZzOgB0dmVyc2t5MTk3Ny5wZGYAAA4AIAAPAHQAdgBlAHIAcwBrAHkAMQA5ADcANwAuAHAAZABmAA8AGgAMAE0AYQBjAGkAbgB0AG8AcwBoACAASABEABIAI1VzZXJzL2VuZXdlMTAxL3JlZnMvdHZlcnNreTE5NzcucGRmAAATAAEvAAAVAAIAD///AADSGxwdHlokY2xhc3NuYW1lWCRjbGFzc2VzXU5TTXV0YWJsZURhdGGjHR8gVk5TRGF0YVhOU09iamVjdNIbHCIjXE5TRGljdGlvbmFyeaIiIF8QD05TS2V5ZWRBcmNoaXZlctEmJ1Ryb290gAEACAARABoAIwAtADIANwBAAEYATQBUAFwAZwBpAGwAbgBwAHMAdQB3AIQAjgC0ALkAwQDDAj8CRAJPAlgCZgJqAnECegJ/AowCjwKhAqQCqQAAAAAAAAIBAAAAAAAAACgAAAAAAAAAAAAAAAAAAAKr},
	Bdsk-Url-1 = {http://www.scopus.com/inward/record.url?eid=2-s2.0-58149411184&partnerID=40&md5=bf1cbbc038c358bc5e56cd427cfbc1f8}}

@conference{Jaimes20002,
	Author = {Jaimes, Alejandro and Chang, Shih-Fu},
	Date-Added = {2014-05-14 00:43:23 +0000},
	Date-Modified = {2014-05-14 00:43:23 +0000},
	Document_Type = {Conference Paper},
	Journal = {Proceedings of SPIE - The International Society for Optical Engineering},
	Note = {cited By (since 1996)30},
	Pages = {2-15},
	Source = {Scopus},
	Title = {Conceptual framework for indexing visual information at multiple levels},
	Url = {http://www.scopus.com/inward/record.url?eid=2-s2.0-0033909136&partnerID=40&md5=446b7f2cb722d952aedc29da90babe59},
	Volume = {3964},
	Year = {2000},
	Bdsk-File-1 = {YnBsaXN0MDDUAQIDBAUGJCVYJHZlcnNpb25YJG9iamVjdHNZJGFyY2hpdmVyVCR0b3ASAAGGoKgHCBMUFRYaIVUkbnVsbNMJCgsMDRBWJGNsYXNzV05TLmtleXNaTlMub2JqZWN0c4AHog4PgAKAA6IREoAEgAVccmVsYXRpdmVQYXRoWWFsaWFzRGF0YV8QIi4uLy4uLy4uLy4uLy4uL3JlZnMvSmFpbWVzMjAwMC5wZGbSCRcYGVdOUy5kYXRhgAZPEQFyAAAAAAFyAAIAAAxNYWNpbnRvc2ggSEQAAAAAAAAAAAAAAAAAAADIwvF3SCsAAAJz7B4OSmFpbWVzMjAwMC5wZGYAAAAAAAAAAAAAAAAAAAAAAAAAAAAAAAAAAAAAAAAAAAAAAAAAAAAAAAAAAAAAAAAAAq0Q48+YNIUAAAAAAAAAAAAFAAIAAAkgAAAAAAAAAAAAAAAAAAAABHJlZnMAEAAIAADIwym3AAAAEQAIAADPmGzFAAAAAQAMAnPsHgICrSgAAJZCAAIAMk1hY2ludG9zaCBIRDpVc2VyczoAZW5ld2UxMDE6AHJlZnM6AEphaW1lczIwMDAucGRmAA4AHgAOAEoAYQBpAG0AZQBzADIAMAAwADAALgBwAGQAZgAPABoADABNAGEAYwBpAG4AdABvAHMAaAAgAEgARAASACJVc2Vycy9lbmV3ZTEwMS9yZWZzL0phaW1lczIwMDAucGRmABMAAS8AABUAAgAP//8AANIbHB0eWiRjbGFzc25hbWVYJGNsYXNzZXNdTlNNdXRhYmxlRGF0YaMdHyBWTlNEYXRhWE5TT2JqZWN00hscIiNcTlNEaWN0aW9uYXJ5oiIgXxAPTlNLZXllZEFyY2hpdmVy0SYnVHJvb3SAAQAIABEAGgAjAC0AMgA3AEAARgBNAFQAXABnAGkAbABuAHAAcwB1AHcAhACOALMAuADAAMICOAI9AkgCUQJfAmMCagJzAngChQKIApoCnQKiAAAAAAAAAgEAAAAAAAAAKAAAAAAAAAAAAAAAAAAAAqQ=},
	Bdsk-Url-1 = {http://www.scopus.com/inward/record.url?eid=2-s2.0-0033909136&partnerID=40&md5=446b7f2cb722d952aedc29da90babe59}}

@article{Vala2012491,
	Abstract = {Within the framework of intergroup relations, the authors analyzed the time people spent evaluating ingroup and outgroup members. They hypothesized that White participants take longer to evaluate White targets than Black targets. In four experiments, White participants were slower to form impressions of White than of Black people; that is, they showed an intergroup time bias (ITB). In Study 1 (N = 60), the ITB correlated with implicit prejudice and homogeneity. Study 2 (N = 60) showed that the ITB was independent of the type of trait in question (nonstereotypical vs. stereotypical). Study 3 (N = 100) demonstrated that ITB correlates with racism measured 3 months beforehand, is independent of motivation to control prejudice, and is not an epiphenomenon of homogeneity. In Study 4 (N = 40) participants not only showed the ITB in a racialized social context but also displayed it following a minimal group manipulation. {\copyright} 2012 by the Society for Personality and Social Psychology, Inc.},
	Affiliation = {Institute of Social Sciences, University of Lisbon, Lisbon, Portugal; Federal University of Sergipe, Sergipe, Brazil; Catholic University of Louvain, Louvain-la-Neuve, Belgium},
	Author = {Vala, J.a and Pereira, C.R.a and Lima, M.E.O.b and Leyens, J.-P.c},
	Author_Keywords = {homogeneity; impression formation; intergroup bias; prejudice; racism},
	Date-Added = {2014-05-13 22:28:54 +0000},
	Date-Modified = {2014-05-13 22:28:54 +0000},
	Document_Type = {Article},
	Journal = {Personality and Social Psychology Bulletin},
	Note = {cited By (since 1996)0},
	Number = {4},
	Pages = {491-504},
	Source = {Scopus},
	Title = {Intergroup Time Bias and Racialized Social Relations},
	Url = {http://www.scopus.com/inward/record.url?eid=2-s2.0-84858669713&partnerID=40&md5=c6e69a64f4f30411f8722212a25e2385},
	Volume = {38},
	Year = {2012},
	Bdsk-File-1 = {YnBsaXN0MDDUAQIDBAUGJCVYJHZlcnNpb25YJG9iamVjdHNZJGFyY2hpdmVyVCR0b3ASAAGGoKgHCBMUFRYaIVUkbnVsbNMJCgsMDRBWJGNsYXNzV05TLmtleXNaTlMub2JqZWN0c4AHog4PgAKAA6IREoAEgAVccmVsYXRpdmVQYXRoWWFsaWFzRGF0YV8QIC4uLy4uLy4uLy4uLy4uL3JlZnMvdmFsYTIwMTIucGRm0gkXGBlXTlMuZGF0YYAGTxEBagAAAAABagACAAAMTWFjaW50b3NoIEhEAAAAAAAAAAAAAAAAAAAAyMLxd0grAAACc+weDHZhbGEyMDEyLnBkZgAAAAAAAAAAAAAAAAAAAAAAAAAAAAAAAAAAAAAAAAAAAAAAAAAAAAAAAAAAAAAAAAAAAAKtBu3PmBStAAAAAAAAAAAABQACAAAJIAAAAAAAAAAAAAAAAAAAAARyZWZzABAACAAAyMMptwAAABEACAAAz5hM7QAAAAEADAJz7B4CAq0oAACWQgACADBNYWNpbnRvc2ggSEQ6VXNlcnM6AGVuZXdlMTAxOgByZWZzOgB2YWxhMjAxMi5wZGYADgAaAAwAdgBhAGwAYQAyADAAMQAyAC4AcABkAGYADwAaAAwATQBhAGMAaQBuAHQAbwBzAGgAIABIAEQAEgAgVXNlcnMvZW5ld2UxMDEvcmVmcy92YWxhMjAxMi5wZGYAEwABLwAAFQACAA///wAA0hscHR5aJGNsYXNzbmFtZVgkY2xhc3Nlc11OU011dGFibGVEYXRhox0fIFZOU0RhdGFYTlNPYmplY3TSGxwiI1xOU0RpY3Rpb25hcnmiIiBfEA9OU0tleWVkQXJjaGl2ZXLRJidUcm9vdIABAAgAEQAaACMALQAyADcAQABGAE0AVABcAGcAaQBsAG4AcABzAHUAdwCEAI4AsQC2AL4AwAIuAjMCPgJHAlUCWQJgAmkCbgJ7An4CkAKTApgAAAAAAAACAQAAAAAAAAAoAAAAAAAAAAAAAAAAAAACmg==},
	Bdsk-Url-1 = {http://www.scopus.com/inward/record.url?eid=2-s2.0-84858669713&partnerID=40&md5=c6e69a64f4f30411f8722212a25e2385}}

@article{Ray2012387,
	Abstract = {We investigated the potential for cross-group recognition bias, the reliable tendency for perceivers to better recognize people who share their ethnic or social groups than people who do not share their ethnic or social groups, with diverse non-face representations of digital identity. We compared German participants' memory for people they believed to be German or French when those people were identified using non-face pictorial representations of identity (Studies 1 and 2) and verbal written representations of identity (Study 3) taken from the World Wide Web. Participants better recognized ingroup targets than outgroup targets regardless of type of identity representation. These results generalize cross-group recognition bias to an important new domain as well as to a new class of stimuli and suggest that process explanations of cross-group recognition bias that are domain specific to faces do not provide a comprehensive account of the bias. {\copyright} 2011 Elsevier Inc.},
	Affiliation = {Knowledge Media Research Center, Germany},
	Author = {Ray, D.G. and Matschke, C.},
	Author_Keywords = {Computer-mediated communication; Cross-group recognition bias; Cross-race recognition bias; Outgroup homogeneity},
	Date-Added = {2014-05-13 22:25:38 +0000},
	Date-Modified = {2014-05-13 22:25:38 +0000},
	Document_Type = {Article},
	Journal = {Journal of Experimental Social Psychology},
	Note = {cited By (since 1996)0},
	Number = {1},
	Pages = {387-390},
	Source = {Scopus},
	Title = {Cross-group recognition bias generalizes to diverse non-face representations of digital identity},
	Url = {http://www.scopus.com/inward/record.url?eid=2-s2.0-82655181849&partnerID=40&md5=ae24cf0e9783a1f6e2a75f97e15b3460},
	Volume = {48},
	Year = {2012},
	Bdsk-File-1 = {YnBsaXN0MDDUAQIDBAUGJCVYJHZlcnNpb25YJG9iamVjdHNZJGFyY2hpdmVyVCR0b3ASAAGGoKgHCBMUFRYaIVUkbnVsbNMJCgsMDRBWJGNsYXNzV05TLmtleXNaTlMub2JqZWN0c4AHog4PgAKAA6IREoAEgAVccmVsYXRpdmVQYXRoWWFsaWFzRGF0YV8QHy4uLy4uLy4uLy4uLy4uL3JlZnMvcmF5MjAxMi5wZGbSCRcYGVdOUy5kYXRhgAZPEQFoAAAAAAFoAAIAAAxNYWNpbnRvc2ggSEQAAAAAAAAAAAAAAAAAAADIwvF3SCsAAAJz7B4LcmF5MjAxMi5wZGYAAAAAAAAAAAAAAAAAAAAAAAAAAAAAAAAAAAAAAAAAAAAAAAAAAAAAAAAAAAAAAAAAAAAAAq0Gzc+YFDYAAAAAAAAAAAAFAAIAAAkgAAAAAAAAAAAAAAAAAAAABHJlZnMAEAAIAADIwym3AAAAEQAIAADPmEx2AAAAAQAMAnPsHgICrSgAAJZCAAIAL01hY2ludG9zaCBIRDpVc2VyczoAZW5ld2UxMDE6AHJlZnM6AHJheTIwMTIucGRmAAAOABgACwByAGEAeQAyADAAMQAyAC4AcABkAGYADwAaAAwATQBhAGMAaQBuAHQAbwBzAGgAIABIAEQAEgAfVXNlcnMvZW5ld2UxMDEvcmVmcy9yYXkyMDEyLnBkZgAAEwABLwAAFQACAA///wAA0hscHR5aJGNsYXNzbmFtZVgkY2xhc3Nlc11OU011dGFibGVEYXRhox0fIFZOU0RhdGFYTlNPYmplY3TSGxwiI1xOU0RpY3Rpb25hcnmiIiBfEA9OU0tleWVkQXJjaGl2ZXLRJidUcm9vdIABAAgAEQAaACMALQAyADcAQABGAE0AVABcAGcAaQBsAG4AcABzAHUAdwCEAI4AsAC1AL0AvwIrAjACOwJEAlICVgJdAmYCawJ4AnsCjQKQApUAAAAAAAACAQAAAAAAAAAoAAAAAAAAAAAAAAAAAAAClw==},
	Bdsk-Url-1 = {http://www.scopus.com/inward/record.url?eid=2-s2.0-82655181849&partnerID=40&md5=ae24cf0e9783a1f6e2a75f97e15b3460}}

@article{Ishii2011159,
	Abstract = {An outgroup homogeneity (OH) effect implies that outgroup members are perceived to be more similar than ingroup members. At present, however, it is not clear whether the OH effect is truly perceptual. Here, we used an Ebbinghaus illusion to demonstrate the OH effect in perception. Participants were presented with one central face that was surrounded by four surrounding faces. The central face was judged to be smaller as the size of the surrounding faces increased, thereby demonstrating an Ebbinghaus illusion. As predicted, however, this illusion was significantly greater when the faces allegedly belonged to an outgroup than when they allegedly belonged to an ingroup. This perceptual OH effect bore no significant relationship with cognitive OH measures. The perceptual versus cognitive OH effects might therefore be mediated by separate mechanisms. {\copyright} 2010 The Authors. Asian Journal of Social Psychology {\copyright} 2010 Blackwell Publishing Asia Pty Ltd with the Asian Association of Social Psychology and the Japanese Group Dynamics Association.},
	Affiliation = {Faculty of Letters, Kobe University, Rokkodai-cho, Nada-ku, Kobe, Japan; Department of Psychology, University of Michigan, Ann Arbor, MI, United States},
	Author = {Ishii, K.a and Kitayama, S.b},
	Author_Keywords = {Ebbinghaus illusion; Face; Outgroup homogeneity effect; Perception},
	Date-Added = {2014-05-13 22:24:20 +0000},
	Date-Modified = {2014-05-13 22:24:20 +0000},
	Document_Type = {Article},
	Journal = {Asian Journal of Social Psychology},
	Note = {cited By (since 1996)0},
	Number = {2},
	Pages = {159-163},
	Source = {Scopus},
	Title = {Outgroup homogeneity effect in perception: An exploration with Ebbinghaus illusion},
	Url = {http://www.scopus.com/inward/record.url?eid=2-s2.0-79955752307&partnerID=40&md5=88ad3169ffe47653a96e6f01f4a0c88f},
	Volume = {14},
	Year = {2011},
	Bdsk-File-1 = {YnBsaXN0MDDUAQIDBAUGJCVYJHZlcnNpb25YJG9iamVjdHNZJGFyY2hpdmVyVCR0b3ASAAGGoKgHCBMUFRYaIVUkbnVsbNMJCgsMDRBWJGNsYXNzV05TLmtleXNaTlMub2JqZWN0c4AHog4PgAKAA6IREoAEgAVccmVsYXRpdmVQYXRoWWFsaWFzRGF0YV8QIS4uLy4uLy4uLy4uLy4uL3JlZnMvaXNoaWkyMDExLnBkZtIJFxgZV05TLmRhdGGABk8RAXAAAAAAAXAAAgAADE1hY2ludG9zaCBIRAAAAAAAAAAAAAAAAAAAAMjC8XdIKwAAAnPsHg1pc2hpaTIwMTEucGRmAAAAAAAAAAAAAAAAAAAAAAAAAAAAAAAAAAAAAAAAAAAAAAAAAAAAAAAAAAAAAAAAAAACrQakz5gT6AAAAAAAAAAAAAUAAgAACSAAAAAAAAAAAAAAAAAAAAAEcmVmcwAQAAgAAMjDKbcAAAARAAgAAM+YTCgAAAABAAwCc+weAgKtKAAAlkIAAgAxTWFjaW50b3NoIEhEOlVzZXJzOgBlbmV3ZTEwMToAcmVmczoAaXNoaWkyMDExLnBkZgAADgAcAA0AaQBzAGgAaQBpADIAMAAxADEALgBwAGQAZgAPABoADABNAGEAYwBpAG4AdABvAHMAaAAgAEgARAASACFVc2Vycy9lbmV3ZTEwMS9yZWZzL2lzaGlpMjAxMS5wZGYAABMAAS8AABUAAgAP//8AANIbHB0eWiRjbGFzc25hbWVYJGNsYXNzZXNdTlNNdXRhYmxlRGF0YaMdHyBWTlNEYXRhWE5TT2JqZWN00hscIiNcTlNEaWN0aW9uYXJ5oiIgXxAPTlNLZXllZEFyY2hpdmVy0SYnVHJvb3SAAQAIABEAGgAjAC0AMgA3AEAARgBNAFQAXABnAGkAbABuAHAAcwB1AHcAhACOALIAtwC/AMECNQI6AkUCTgJcAmACZwJwAnUCggKFApcCmgKfAAAAAAAAAgEAAAAAAAAAKAAAAAAAAAAAAAAAAAAAAqE=},
	Bdsk-Url-1 = {http://www.scopus.com/inward/record.url?eid=2-s2.0-79955752307&partnerID=40&md5=88ad3169ffe47653a96e6f01f4a0c88f}}

@article{Boldry2007157,
	Abstract = {We meta-analytically synthesized the intergroup variability literature (177 effect sizes, from 173 independent samples, and 12,078 participants) to test the potential moderating effect of 11 measures of perceived variability. Aggregating across the measures, we detected a small but reliable tendency to perceive more variability among ingroup than outgroup members and such outgroup homogeneity was stronger among non-minimal than minimal groups. Furthermore, analyses that distinguished among the 11 measures revealed systematic discrepancies among the patterns of perception detected by those measures. Those systematic discrepancies further varied across social contexts defined by relative group status, with some measures yielding ingroup homogeneity and others outgroup homogeneity. We discuss the possibility that the measures of variability require different mental activities that interact with contextually induced cognitive and motivational processes to yield disparate intergroup perceptions. {\copyright} 2007 SAGE Publications, Inc.},
	Affiliation = {Montana State University, Bozeman, MT, United States; Department of Psychology, University of Tennessee, Knoxville, TN, United States; Duke University, Durham, NC, United States},
	Author = {Boldry, J.G.a and Gaertner, L.b and Quinn, J.c},
	Author_Keywords = {Group perception; Group variability; Heterogeneity; Ingroup homogeneity; Intergroup perception; Intergroup status; Meta-analysis; Outgroup homogeneity; Relative group status},
	Date-Added = {2014-05-13 22:22:28 +0000},
	Date-Modified = {2014-05-13 22:22:28 +0000},
	Document_Type = {Article},
	Journal = {Group Processes and Intergroup Relations},
	Note = {cited By (since 1996)15},
	Number = {2},
	Pages = {157-178},
	Source = {Scopus},
	Title = {Measuring the measures: A meta-analytic investigation of the measures of outgroup homogeneity},
	Url = {http://www.scopus.com/inward/record.url?eid=2-s2.0-34247228479&partnerID=40&md5=207888b9a219cf4278a32ea896c2d540},
	Volume = {10},
	Year = {2007},
	Bdsk-File-1 = {YnBsaXN0MDDUAQIDBAUGJCVYJHZlcnNpb25YJG9iamVjdHNZJGFyY2hpdmVyVCR0b3ASAAGGoKgHCBMUFRYaIVUkbnVsbNMJCgsMDRBWJGNsYXNzV05TLmtleXNaTlMub2JqZWN0c4AHog4PgAKAA6IREoAEgAVccmVsYXRpdmVQYXRoWWFsaWFzRGF0YV8QIi4uLy4uLy4uLy4uLy4uL3JlZnMvYm9sZHJ5MjAwNy5wZGbSCRcYGVdOUy5kYXRhgAZPEQFyAAAAAAFyAAIAAAxNYWNpbnRvc2ggSEQAAAAAAAAAAAAAAAAAAADIwvF3SCsAAAJz7B4OYm9sZHJ5MjAwNy5wZGYAAAAAAAAAAAAAAAAAAAAAAAAAAAAAAAAAAAAAAAAAAAAAAAAAAAAAAAAAAAAAAAAAAq0Ga8+YE3QAAAAAAAAAAAAFAAIAAAkgAAAAAAAAAAAAAAAAAAAABHJlZnMAEAAIAADIwym3AAAAEQAIAADPmEu0AAAAAQAMAnPsHgICrSgAAJZCAAIAMk1hY2ludG9zaCBIRDpVc2VyczoAZW5ld2UxMDE6AHJlZnM6AGJvbGRyeTIwMDcucGRmAA4AHgAOAGIAbwBsAGQAcgB5ADIAMAAwADcALgBwAGQAZgAPABoADABNAGEAYwBpAG4AdABvAHMAaAAgAEgARAASACJVc2Vycy9lbmV3ZTEwMS9yZWZzL2JvbGRyeTIwMDcucGRmABMAAS8AABUAAgAP//8AANIbHB0eWiRjbGFzc25hbWVYJGNsYXNzZXNdTlNNdXRhYmxlRGF0YaMdHyBWTlNEYXRhWE5TT2JqZWN00hscIiNcTlNEaWN0aW9uYXJ5oiIgXxAPTlNLZXllZEFyY2hpdmVy0SYnVHJvb3SAAQAIABEAGgAjAC0AMgA3AEAARgBNAFQAXABnAGkAbABuAHAAcwB1AHcAhACOALMAuADAAMICOAI9AkgCUQJfAmMCagJzAngChQKIApoCnQKiAAAAAAAAAgEAAAAAAAAAKAAAAAAAAAAAAAAAAAAAAqQ=},
	Bdsk-Url-1 = {http://www.scopus.com/inward/record.url?eid=2-s2.0-34247228479&partnerID=40&md5=207888b9a219cf4278a32ea896c2d540}}

@article{Rutherford20136281,
	Abstract = {The Internet and social media have enabled the mobilizationoflarge crowds to achieve time-critical feats, ranging from mapping crises in real time, to organizing mass rallies, to conducting search-and-rescue operations over large geographies. Despite significant success, selection bias may lead to inflated expectations of the efficacy of social mobilization for these tasks. What are the limits of social mobilization, and how reliable is it in operating at these limits? We build on recent results on the spatiotemporal structure of social and information networks to elucidate the constraints they pose on social mobilization. We use the DARPA Network Challenge as our working scenario, in which social media were used to locate 10 balloons across the United States. We conduct high-resolution simulations for referral-based crowdsourcing and obtain a statistical characterization of the population recruited, geography covered, and time to completion. Our results demonstrate that the outcome is plausible without the presence of mass media but lies at the limit of what time-critical social mobilization can achieve. Success relies critically on highly connected individuals willing to mobilize people in distant locations, overcoming the local trapping of diffusion in highly dense areas. However, even under these highly favorable conditions, the risk of unsuccessful search remains significant. These findings have implications for the design of better incentive schemes for social mobilization. They also call for caution in estimating the reliability of this capability.},
	Affiliation = {Computing and Information Science, Masdar Institute of Science and Technology, Abu Dhabi 54224, United Arab Emirates; Department of Computer Science and Engineering, University of California at San Diego, San Diego, CA 92093, United States; National Information and Communications Technology Australia, Melbourne, VIC 3010, Australia; Departamento de Matem{\'a}ticas and Grupo Interdisciplinar de Sistemas Complejos, Universidad Carlos III de Madrid, 28911 Madrid, Spain; Instituto de Ingenier{\'\i}a Del Conocimiento, Universidad Aut{\'o}noma de Madrid, 28049 Madrid, Spain; Media Laboratory, Massachusetts Institute of Technology, Cambridge, MA 02139, United States; School of Informatics, University of Edinburgh, Edinburgh EH8 9AB, United Kingdom},
	Author = {Rutherford, A.a and Cebrian, M.b c and Dsouza, S.a and Moro, E.d e and Pentland, A.f and Rahwan, I.a g},
	Date-Added = {2014-05-08 18:55:41 +0000},
	Date-Modified = {2014-05-08 18:55:41 +0000},
	Document_Type = {Article},
	Journal = {Proceedings of the National Academy of Sciences of the United States of America},
	Note = {cited By (since 1996)3},
	Number = {16},
	Pages = {6281-6286},
	Source = {Scopus},
	Title = {Limits of social mobilization},
	Url = {http://www.scopus.com/inward/record.url?eid=2-s2.0-84876231437&partnerID=40&md5=dd84fd319f627c57a3f0ed98403d096f},
	Volume = {110},
	Year = {2013},
	Bdsk-File-1 = {YnBsaXN0MDDUAQIDBAUGJCVYJHZlcnNpb25YJG9iamVjdHNZJGFyY2hpdmVyVCR0b3ASAAGGoKgHCBMUFRYaIVUkbnVsbNMJCgsMDRBWJGNsYXNzV05TLmtleXNaTlMub2JqZWN0c4AHog4PgAKAA6IREoAEgAVccmVsYXRpdmVQYXRoWWFsaWFzRGF0YV8QJi4uLy4uLy4uLy4uLy4uL3JlZnMvcnV0aGVyZm9yZDIwMTMucGRm0gkXGBlXTlMuZGF0YYAGTxEBggAAAAABggACAAAMTWFjaW50b3NoIEhEAAAAAAAAAAAAAAAAAAAAyMLxd0grAAACc+weEnJ1dGhlcmZvcmQyMDEzLnBkZgAAAAAAAAAAAAAAAAAAAAAAAAAAAAAAAAAAAAAAAAAAAAAAAAAAAAAAAAAAAAKsIDHPkUsvAAAAAAAAAAAABQACAAAJIAAAAAAAAAAAAAAAAAAAAARyZWZzABAACAAAyMMptwAAABEACAAAz5GDbwAAAAEADAJz7B4CAq0oAACWQgACADZNYWNpbnRvc2ggSEQ6VXNlcnM6AGVuZXdlMTAxOgByZWZzOgBydXRoZXJmb3JkMjAxMy5wZGYADgAmABIAcgB1AHQAaABlAHIAZgBvAHIAZAAyADAAMQAzAC4AcABkAGYADwAaAAwATQBhAGMAaQBuAHQAbwBzAGgAIABIAEQAEgAmVXNlcnMvZW5ld2UxMDEvcmVmcy9ydXRoZXJmb3JkMjAxMy5wZGYAEwABLwAAFQACAA///wAA0hscHR5aJGNsYXNzbmFtZVgkY2xhc3Nlc11OU011dGFibGVEYXRhox0fIFZOU0RhdGFYTlNPYmplY3TSGxwiI1xOU0RpY3Rpb25hcnmiIiBfEA9OU0tleWVkQXJjaGl2ZXLRJidUcm9vdIABAAgAEQAaACMALQAyADcAQABGAE0AVABcAGcAaQBsAG4AcABzAHUAdwCEAI4AtwC8AMQAxgJMAlECXAJlAnMCdwJ+AocCjAKZApwCrgKxArYAAAAAAAACAQAAAAAAAAAoAAAAAAAAAAAAAAAAAAACuA==},
	Bdsk-Url-1 = {http://www.scopus.com/inward/record.url?eid=2-s2.0-84876231437&partnerID=40&md5=dd84fd319f627c57a3f0ed98403d096f}}

@article{de2008negative,
	Author = {De Zubicaray, Greig I and McMahon, Katie L and Eastburn, Mathew M and Pringle, Alan J},
	Date-Added = {2014-05-07 23:20:55 +0000},
	Date-Modified = {2014-05-07 23:20:55 +0000},
	Journal = {cortex},
	Number = {7},
	Pages = {881--889},
	Publisher = {Elsevier},
	Title = {Negative priming in naming of categorically related objects: An fMRI study},
	Volume = {44},
	Year = {2008}}

@article{versace2001negative,
	Author = {Versace, R{\'e}my and Allain, Ga{\"e}l},
	Date-Added = {2014-05-07 23:20:55 +0000},
	Date-Modified = {2014-05-07 23:20:55 +0000},
	Journal = {Acta psychologica},
	Number = {1},
	Pages = {73--90},
	Publisher = {Elsevier},
	Title = {Negative priming in a gender decision task and in a semantic categorization task},
	Volume = {108},
	Year = {2001},
	Bdsk-File-1 = {YnBsaXN0MDDUAQIDBAUGJCVYJHZlcnNpb25YJG9iamVjdHNZJGFyY2hpdmVyVCR0b3ASAAGGoKgHCBMUFRYaIVUkbnVsbNMJCgsMDRBWJGNsYXNzV05TLmtleXNaTlMub2JqZWN0c4AHog4PgAKAA6IREoAEgAVccmVsYXRpdmVQYXRoWWFsaWFzRGF0YV8QFy4uLy4uL3JlZnMvdmVyc2FjZV8yMDAx0gkXGBlXTlMuZGF0YYAGTxEBpgAAAAABpgACAAAMTWFjaW50b3NoIEhEAAAAAAAAAAAAAAAAAAAAyMLxd0grAAACp4NjDHZlcnNhY2VfMjAwMQAAAAAAAAAAAAAAAAAAAAAAAAAAAAAAAAAAAAAAAAAAAAAAAAAAAAAAAAAAAAAAAAAAAAKng1rPalQAAAAAAAAAAAAAAgACAAAJIAAAAAAAAAAAAAAAAAAAAARyZWZzABAACAAAyMMptwAAABEACAAAz2qMQAAAAAEAGAKng2MCpSBlAqGrKQITpQoCAq0oAACWQgACAElNYWNpbnRvc2ggSEQ6VXNlcnM6AGVuZXdlMTAxOgBwcm9qZWN0czoAcHJpbWluZzoAZG9jczoAcmVmczoAdmVyc2FjZV8yMDAxAAAOABoADAB2AGUAcgBzAGEAYwBlAF8AMgAwADAAMQAPABoADABNAGEAYwBpAG4AdABvAHMAaAAgAEgARAASADZVc2Vycy9lbmV3ZTEwMS9wcm9qZWN0cy9wcmltaW5nL2RvY3MvcmVmcy92ZXJzYWNlXzIwMDEAEwABLwAAFQACAA///wAA0hscHR5aJGNsYXNzbmFtZVgkY2xhc3Nlc11OU011dGFibGVEYXRhox0fIFZOU0RhdGFYTlNPYmplY3TSGxwiI1xOU0RpY3Rpb25hcnmiIiBfEA9OU0tleWVkQXJjaGl2ZXLRJidUcm9vdIABAAgAEQAaACMALQAyADcAQABGAE0AVABcAGcAaQBsAG4AcABzAHUAdwCEAI4AqACtALUAtwJhAmYCcQJ6AogCjAKTApwCoQKuArECwwLGAssAAAAAAAACAQAAAAAAAAAoAAAAAAAAAAAAAAAAAAACzQ==}}

@article{No2007,
	Author = {Noguera, Carmen; Ortells, Juan J; Abad, Maria, JF;},
	Date-Added = {2014-05-07 23:20:55 +0000},
	Date-Modified = {2015-01-29 19:34:06 +0000},
	Do-Read = {1},
	Journal = {Acta Psychologica},
	Keywords = {Negative semantic priming; Selective attention},
	Pages = {175-202},
	Read = {0},
	Title = {Semantic priming effects from single words in a lexical decision task},
	Volume = {125},
	Year = {2007},
	Bdsk-File-1 = {YnBsaXN0MDDUAQIDBAUGJCVYJHZlcnNpb25YJG9iamVjdHNZJGFyY2hpdmVyVCR0b3ASAAGGoKgHCBMUFRYaIVUkbnVsbNMJCgsMDRBWJGNsYXNzV05TLmtleXNaTlMub2JqZWN0c4AHog4PgAKAA6IREoAEgAVccmVsYXRpdmVQYXRoWWFsaWFzRGF0YV8QFy4uLy4uL3JlZnMvbm9ndWVyYV8yMDA30gkXGBlXTlMuZGF0YYAGTxEBpgAAAAABpgACAAAMTWFjaW50b3NoIEhEAAAAAAAAAAAAAAAAAAAAyMLxd0grAAACp4NjDG5vZ3VlcmFfMjAwNwAAAAAAAAAAAAAAAAAAAAAAAAAAAAAAAAAAAAAAAAAAAAAAAAAAAAAAAAAAAAAAAAAAAAKng3DPalRCAAAAAAAAAAAAAgACAAAJIAAAAAAAAAAAAAAAAAAAAARyZWZzABAACAAAyMMptwAAABEACAAAz2qMggAAAAEAGAKng2MCpSBlAqGrKQITpQoCAq0oAACWQgACAElNYWNpbnRvc2ggSEQ6VXNlcnM6AGVuZXdlMTAxOgBwcm9qZWN0czoAcHJpbWluZzoAZG9jczoAcmVmczoAbm9ndWVyYV8yMDA3AAAOABoADABuAG8AZwB1AGUAcgBhAF8AMgAwADAANwAPABoADABNAGEAYwBpAG4AdABvAHMAaAAgAEgARAASADZVc2Vycy9lbmV3ZTEwMS9wcm9qZWN0cy9wcmltaW5nL2RvY3MvcmVmcy9ub2d1ZXJhXzIwMDcAEwABLwAAFQACAA///wAA0hscHR5aJGNsYXNzbmFtZVgkY2xhc3Nlc11OU011dGFibGVEYXRhox0fIFZOU0RhdGFYTlNPYmplY3TSGxwiI1xOU0RpY3Rpb25hcnmiIiBfEA9OU0tleWVkQXJjaGl2ZXLRJidUcm9vdIABAAgAEQAaACMALQAyADcAQABGAE0AVABcAGcAaQBsAG4AcABzAHUAdwCEAI4AqACtALUAtwJhAmYCcQJ6AogCjAKTApwCoQKuArECwwLGAssAAAAAAAACAQAAAAAAAAAoAAAAAAAAAAAAAAAAAAACzQ==}}

@article{mayr2007negative,
	Author = {Mayr, Susanne and Buchner, Axel},
	Date-Added = {2014-05-07 23:20:55 +0000},
	Date-Modified = {2014-05-07 23:20:55 +0000},
	Journal = {Zeitschrift f{\"u}r Psychologie/Journal of Psychology},
	Number = {1},
	Pages = {35},
	Publisher = {Hogrefe \& Huber Publishers},
	Title = {Negative priming as a memory phenomenon: A review of 20 years of negative priming research.},
	Volume = {215},
	Year = {2007},
	Bdsk-File-1 = {YnBsaXN0MDDUAQIDBAUGJCVYJHZlcnNpb25YJG9iamVjdHNZJGFyY2hpdmVyVCR0b3ASAAGGoKgHCBMUFRYaIVUkbnVsbNMJCgsMDRBWJGNsYXNzV05TLmtleXNaTlMub2JqZWN0c4AHog4PgAKAA6IREoAEgAVccmVsYXRpdmVQYXRoWWFsaWFzRGF0YV8QFC4uLy4uL3JlZnMvbWF5cl8yMDA30gkXGBlXTlMuZGF0YYAGTxEBmgAAAAABmgACAAAMTWFjaW50b3NoIEhEAAAAAAAAAAAAAAAAAAAAyMLxd0grAAACp4NjCW1heXJfMjAwNwAAAAAAAAAAAAAAAAAAAAAAAAAAAAAAAAAAAAAAAAAAAAAAAAAAAAAAAAAAAAAAAAAAAAAAAAKng5HPalTNAAAAAAAAAAAAAgACAAAJIAAAAAAAAAAAAAAAAAAAAARyZWZzABAACAAAyMMptwAAABEACAAAz2qNDQAAAAEAGAKng2MCpSBlAqGrKQITpQoCAq0oAACWQgACAEZNYWNpbnRvc2ggSEQ6VXNlcnM6AGVuZXdlMTAxOgBwcm9qZWN0czoAcHJpbWluZzoAZG9jczoAcmVmczoAbWF5cl8yMDA3AA4AFAAJAG0AYQB5AHIAXwAyADAAMAA3AA8AGgAMAE0AYQBjAGkAbgB0AG8AcwBoACAASABEABIAM1VzZXJzL2VuZXdlMTAxL3Byb2plY3RzL3ByaW1pbmcvZG9jcy9yZWZzL21heXJfMjAwNwAAEwABLwAAFQACAA///wAA0hscHR5aJGNsYXNzbmFtZVgkY2xhc3Nlc11OU011dGFibGVEYXRhox0fIFZOU0RhdGFYTlNPYmplY3TSGxwiI1xOU0RpY3Rpb25hcnmiIiBfEA9OU0tleWVkQXJjaGl2ZXLRJidUcm9vdIABAAgAEQAaACMALQAyADcAQABGAE0AVABcAGcAaQBsAG4AcABzAHUAdwCEAI4ApQCqALIAtAJSAlcCYgJrAnkCfQKEAo0CkgKfAqICtAK3ArwAAAAAAAACAQAAAAAAAAAoAAAAAAAAAAAAAAAAAAACvg==}}

@article{chandler2013breaking,
	Author = {Chandler, Dana and Kapelner, Adam},
	Date-Added = {2014-05-07 23:20:55 +0000},
	Date-Modified = {2014-09-22 22:26:18 +0000},
	Journal = {Journal of Economic Behavior \& Organization},
	Pages = {123--133},
	Publisher = {Elsevier},
	Read = {0},
	Title = {Breaking monotony with meaning: Motivation in crowdsourcing markets},
	Volume = {90},
	Year = {2013},
	Bdsk-File-1 = {YnBsaXN0MDDUAQIDBAUGJCVYJHZlcnNpb25YJG9iamVjdHNZJGFyY2hpdmVyVCR0b3ASAAGGoKgHCBMUFRYaIVUkbnVsbNMJCgsMDRBWJGNsYXNzV05TLmtleXNaTlMub2JqZWN0c4AHog4PgAKAA6IREoAEgAVccmVsYXRpdmVQYXRoWWFsaWFzRGF0YV8QJC4uLy4uLy4uLy4uLy4uL3JlZnMvY2hhbmRsZXIyMDEzLnBkZtIJFxgZV05TLmRhdGGABk8RAXoAAAAAAXoAAgAADE1hY2ludG9zaCBIRAAAAAAAAAAAAAAAAAAAAMjC8XdIKwAAAnPsHhBjaGFuZGxlcjIwMTMucGRmAAAAAAAAAAAAAAAAAAAAAAAAAAAAAAAAAAAAAAAAAAAAAAAAAAAAAAAAAAAAAAACva4+0AQQ51BERiAAAAAAAAUAAgAACSAAAAAAAAAAAAAAAAAAAAAEcmVmcwAQAAgAAMjDKbcAAAARAAgAANAESScAAAABAAwCc+weAgKtKAAAlkIAAgA0TWFjaW50b3NoIEhEOlVzZXJzOgBlbmV3ZTEwMToAcmVmczoAY2hhbmRsZXIyMDEzLnBkZgAOACIAEABjAGgAYQBuAGQAbABlAHIAMgAwADEAMwAuAHAAZABmAA8AGgAMAE0AYQBjAGkAbgB0AG8AcwBoACAASABEABIAJFVzZXJzL2VuZXdlMTAxL3JlZnMvY2hhbmRsZXIyMDEzLnBkZgATAAEvAAAVAAIAD///AADSGxwdHlokY2xhc3NuYW1lWCRjbGFzc2VzXU5TTXV0YWJsZURhdGGjHR8gVk5TRGF0YVhOU09iamVjdNIbHCIjXE5TRGljdGlvbmFyeaIiIF8QD05TS2V5ZWRBcmNoaXZlctEmJ1Ryb290gAEACAARABoAIwAtADIANwBAAEYATQBUAFwAZwBpAGwAbgBwAHMAdQB3AIQAjgC1ALoAwgDEAkICRwJSAlsCaQJtAnQCfQKCAo8CkgKkAqcCrAAAAAAAAAIBAAAAAAAAACgAAAAAAAAAAAAAAAAAAAKu}}

@electronic{Dictionary:hl,
	Author = {Oxford English Dictionary},
	Comments = {"computer, n.".},
	Date-Added = {2014-05-07 20:04:45 +0000},
	Date-Modified = {2014-05-07 20:04:45 +0000},
	Title = {http://www.oed.com/view/Entry/37975?redirectedFrom=computer},
	Urldate = {7 May 2014},
	Word = {Oxford English Dictionary}}

@article{Simon:1958fp,
	Author = {Simon, Herbert A. and Newell, Allen},
	Copyright = {Copyright {\copyright} 1958 INFORMS},
	Date-Added = {2014-05-07 18:41:31 +0000},
	Date-Modified = {2014-05-07 18:41:31 +0000},
	Issn = {0030364X},
	Journal = {Operations Research},
	Jstor_Articletype = {research-article},
	Jstor_Formatteddate = {Jan. - Feb., 1958},
	Language = {English},
	Number = {1},
	Pages = {pp. 1-10},
	Publisher = {INFORMS},
	Title = {Heuristic Problem Solving: The Next Advance in Operations Research},
	Url = {http://www.jstor.org/stable/167397},
	Volume = {6},
	Year = {1958},
	Bdsk-File-1 = {YnBsaXN0MDDUAQIDBAUGJCVYJHZlcnNpb25YJG9iamVjdHNZJGFyY2hpdmVyVCR0b3ASAAGGoKgHCBMUFRYaIVUkbnVsbNMJCgsMDRBWJGNsYXNzV05TLmtleXNaTlMub2JqZWN0c4AHog4PgAKAA6IREoAEgAVccmVsYXRpdmVQYXRoWWFsaWFzRGF0YV8QIi4uLy4uLy4uLy4uLy4uL3JlZnMvbmV3ZWxsMTk1OC5wZGbSCRcYGVdOUy5kYXRhgAZPEQFyAAAAAAFyAAIAAAxNYWNpbnRvc2ggSEQAAAAAAAAAAAAAAAAAAADIwvF3SCsAAAJz7B4ObmV3ZWxsMTk1OC5wZGYAAAAAAAAAAAAAAAAAAAAAAAAAAAAAAAAAAAAAAAAAAAAAAAAAAAAAAAAAAAAAAAAAAquUu8+P9jsAAAAAAAAAAAAFAAIAAAkgAAAAAAAAAAAAAAAAAAAABHJlZnMAEAAIAADIwym3AAAAEQAIAADPkC57AAAAAQAMAnPsHgICrSgAAJZCAAIAMk1hY2ludG9zaCBIRDpVc2VyczoAZW5ld2UxMDE6AHJlZnM6AG5ld2VsbDE5NTgucGRmAA4AHgAOAG4AZQB3AGUAbABsADEAOQA1ADgALgBwAGQAZgAPABoADABNAGEAYwBpAG4AdABvAHMAaAAgAEgARAASACJVc2Vycy9lbmV3ZTEwMS9yZWZzL25ld2VsbDE5NTgucGRmABMAAS8AABUAAgAP//8AANIbHB0eWiRjbGFzc25hbWVYJGNsYXNzZXNdTlNNdXRhYmxlRGF0YaMdHyBWTlNEYXRhWE5TT2JqZWN00hscIiNcTlNEaWN0aW9uYXJ5oiIgXxAPTlNLZXllZEFyY2hpdmVy0SYnVHJvb3SAAQAIABEAGgAjAC0AMgA3AEAARgBNAFQAXABnAGkAbABuAHAAcwB1AHcAhACOALMAuADAAMICOAI9AkgCUQJfAmMCagJzAngChQKIApoCnQKiAAAAAAAAAgEAAAAAAAAAKAAAAAAAAAAAAAAAAAAAAqQ=},
	Bdsk-Url-1 = {http://www.jstor.org/stable/167397}}

@inproceedings{newell12,
	Date-Added = {2014-05-07 18:41:31 +0000},
	Date-Modified = {2014-05-07 18:41:31 +0000}}

@inproceedings{5543192,
	Abstract = {Computer-mediated, human micro-labor markets have so far been treated as novelty services good for cheaply labeling training data and easy user studies. This paper's primary contribution is conceptual, the claim that these markets can be characterized as Human co-Processing Units (HPU), and represent a first class computational platform. In the same way that Graphics Processing Units (GPU) represent a change in architecture from CPU based computation, HPU based computation is different, and deserves careful characterization and study. We demonstrate the value of this claim by showing that simplistic HPU computation can be more accurate than complex CPU based algorithms on some important computer vision tasks. We also argue that HPU computation can be cheaper than state-of-the-art CPU based computation. Finally we give some examples of characterizing the HPU as an architectural platform.},
	Author = {Davis, J. and Arderiu, J. and Lin, H. and Nevins, Z. and Schuon, S. and Gallo, O. and Ming-Hsuan Yang},
	Booktitle = {Computer Vision and Pattern Recognition Workshops (CVPRW), 2010 IEEE Computer Society Conference on},
	Date-Added = {2014-05-07 17:57:24 +0000},
	Date-Modified = {2014-09-22 22:26:30 +0000},
	Doi = {10.1109/CVPRW.2010.5543192},
	Issn = {2160-7508},
	Keywords = {coprocessors;human computer interaction;HPU;graphic processing units;human coprocessing units;human microlabor markets;Central Processing Unit;Computer architecture;Computer networks;Computer science;Computer vision;Conferences;Humans;Machine vision;Pattern recognition;Training data},
	Month = {June},
	Pages = {9-16},
	Read = {0},
	Title = {The HPU},
	Year = {2010},
	Bdsk-File-1 = {YnBsaXN0MDDUAQIDBAUGJCVYJHZlcnNpb25YJG9iamVjdHNZJGFyY2hpdmVyVCR0b3ASAAGGoKgHCBMUFRYaIVUkbnVsbNMJCgsMDRBWJGNsYXNzV05TLmtleXNaTlMub2JqZWN0c4AHog4PgAKAA6IREoAEgAVccmVsYXRpdmVQYXRoWWFsaWFzRGF0YV8QIS4uLy4uLy4uLy4uLy4uL3JlZnMvZGF2aXMyMDEwLnBkZtIJFxgZV05TLmRhdGGABk8RAXAAAAAAAXAAAgAADE1hY2ludG9zaCBIRAAAAAAAAAAAAAAAAAAAAMjC8XdIKwAAAnPsHg1kYXZpczIwMTAucGRmAAAAAAAAAAAAAAAAAAAAAAAAAAAAAAAAAAAAAAAAAAAAAAAAAAAAAAAAAAAAAAAAAAACvbDKz4/sZlBERiAAAAAAAAUAAgAACSAAAAAAAAAAAAAAAAAAAAAEcmVmcwAQAAgAAMjDKbcAAAARAAgAAM+QJKYAAAABAAwCc+weAgKtKAAAlkIAAgAxTWFjaW50b3NoIEhEOlVzZXJzOgBlbmV3ZTEwMToAcmVmczoAZGF2aXMyMDEwLnBkZgAADgAcAA0AZABhAHYAaQBzADIAMAAxADAALgBwAGQAZgAPABoADABNAGEAYwBpAG4AdABvAHMAaAAgAEgARAASACFVc2Vycy9lbmV3ZTEwMS9yZWZzL2RhdmlzMjAxMC5wZGYAABMAAS8AABUAAgAP//8AANIbHB0eWiRjbGFzc25hbWVYJGNsYXNzZXNdTlNNdXRhYmxlRGF0YaMdHyBWTlNEYXRhWE5TT2JqZWN00hscIiNcTlNEaWN0aW9uYXJ5oiIgXxAPTlNLZXllZEFyY2hpdmVy0SYnVHJvb3SAAQAIABEAGgAjAC0AMgA3AEAARgBNAFQAXABnAGkAbABuAHAAcwB1AHcAhACOALIAtwC/AMECNQI6AkUCTgJcAmACZwJwAnUCggKFApcCmgKfAAAAAAAAAgEAAAAAAAAAKAAAAAAAAAAAAAAAAAAAAqE=},
	Bdsk-Url-1 = {http://dx.doi.org/10.1109/CVPRW.2010.5543192}}

@article{Ghuman17062008,
	Abstract = {Repeated exposure to a stimulus facilitates its processing. This is reflected in faster and more accurate identification, reduced perceptual identification thresholds, and more efficient classifications for repeated compared with novel items. Here, we test a hypothesis that this experience-based behavioral facilitation is a result of enhanced communication between distinct cortical regions, which reduces local processing demands. A magnetoencephalographic investigation revealed that repeated object classification led to decreased neural responses in the prefrontal cortex and temporal cortex. Critically, this decrease in absolute activity was accompanied by greater neural synchrony (a measure of functional connectivity) between these regions with repetition. Additionally, the onset of the enhanced interregional synchrony predicted the degree of behavioral facilitation. These findings suggest that object repetition results in enhanced interactions between brain regions, which facilitates performance and reduces processing demands on the regions involved.},
	Author = {Ghuman, Avniel S. and Bar, Moshe and Dobbins, Ian G. and Schnyer, David M.},
	Date-Added = {2014-05-07 02:40:15 +0000},
	Date-Modified = {2015-01-29 19:34:24 +0000},
	Do-Read = {1},
	Doi = {10.1073/pnas.0710674105},
	Eprint = {http://www.pnas.org/content/105/24/8405.full.pdf+html},
	Journal = {Proceedings of the National Academy of Sciences},
	Number = {24},
	Pages = {8405-8409},
	Read = {0},
	Title = {The effects of priming on frontal-temporal communication},
	Url = {http://www.pnas.org/content/105/24/8405.abstract},
	Volume = {105},
	Year = {2008},
	Bdsk-Url-1 = {http://www.pnas.org/content/105/24/8405.abstract},
	Bdsk-Url-2 = {http://dx.doi.org/10.1073/pnas.0710674105}}

@article{Swaab200299,
	Author = {Tamara Y. Swaab and Kathleen Baynes and Robert T. Knight},
	Date-Added = {2014-05-07 02:32:18 +0000},
	Date-Modified = {2015-01-29 19:34:08 +0000},
	Do-Read = {1},
	Doi = {http://dx.doi.org/10.1016/S0926-6410(02)00219-7},
	Issn = {0926-6410},
	Journal = {Cognitive Brain Research},
	Keywords = {\{ERPs\}},
	Note = {Neural Mechanisms of Executive Control in Cognition},
	Number = {1},
	Pages = {99 - 103},
	Read = {0},
	Title = {Separable effects of priming and imageability on word processing: an \{ERP\} study},
	Url = {http://www.sciencedirect.com/science/article/pii/S0926641002002197},
	Volume = {15},
	Year = {2002},
	Bdsk-Url-1 = {http://www.sciencedirect.com/science/article/pii/S0926641002002197},
	Bdsk-Url-2 = {http://dx.doi.org/10.1016/S0926-6410(02)00219-7}}

@article{beller1971priming,
	Author = {Beller, Henry K},
	Date-Added = {2014-05-07 02:18:47 +0000},
	Date-Modified = {2015-01-29 19:34:00 +0000},
	Do-Read = {1},
	Journal = {Journal of Experimental Psychology},
	Number = {2},
	Pages = {176},
	Publisher = {American Psychological Association},
	Read = {0},
	Title = {Priming: Effects of advance information on matching.},
	Volume = {87},
	Year = {1971},
	Bdsk-File-1 = {YnBsaXN0MDDUAQIDBAUGJCVYJHZlcnNpb25YJG9iamVjdHNZJGFyY2hpdmVyVCR0b3ASAAGGoKgHCBMUFRYaIVUkbnVsbNMJCgsMDRBWJGNsYXNzV05TLmtleXNaTlMub2JqZWN0c4AHog4PgAKAA6IREoAEgAVccmVsYXRpdmVQYXRoWWFsaWFzRGF0YV8QIi4uLy4uLy4uLy4uLy4uL3JlZnMvYmVsbGVyMTk3Ni5wZGbSCRcYGVdOUy5kYXRhgAZPEQFyAAAAAAFyAAIAAAxNYWNpbnRvc2ggSEQAAAAAAAAAAAAAAAAAAADIwvF3SCsAAAJz7B4OYmVsbGVyMTk3Ni5wZGYAAAAAAAAAAAAAAAAAAAAAAAAAAAAAAAAAAAAAAAAAAAAAAAAAAAAAAAAAAAAAAAAAAr2t1tAEDP1QREYgAAAAAAAFAAIAAAkgAAAAAAAAAAAAAAAAAAAABHJlZnMAEAAIAADIwym3AAAAEQAIAADQBEU9AAAAAQAMAnPsHgICrSgAAJZCAAIAMk1hY2ludG9zaCBIRDpVc2VyczoAZW5ld2UxMDE6AHJlZnM6AGJlbGxlcjE5NzYucGRmAA4AHgAOAGIAZQBsAGwAZQByADEAOQA3ADYALgBwAGQAZgAPABoADABNAGEAYwBpAG4AdABvAHMAaAAgAEgARAASACJVc2Vycy9lbmV3ZTEwMS9yZWZzL2JlbGxlcjE5NzYucGRmABMAAS8AABUAAgAP//8AANIbHB0eWiRjbGFzc25hbWVYJGNsYXNzZXNdTlNNdXRhYmxlRGF0YaMdHyBWTlNEYXRhWE5TT2JqZWN00hscIiNcTlNEaWN0aW9uYXJ5oiIgXxAPTlNLZXllZEFyY2hpdmVy0SYnVHJvb3SAAQAIABEAGgAjAC0AMgA3AEAARgBNAFQAXABnAGkAbABuAHAAcwB1AHcAhACOALMAuADAAMICOAI9AkgCUQJfAmMCagJzAngChQKIApoCnQKiAAAAAAAAAgEAAAAAAAAAKAAAAAAAAAAAAAAAAAAAAqQ=}}

@article{BJOP1826,
	Author = {Kempley, S. T. and Morton, John},
	Date-Added = {2014-05-07 02:07:25 +0000},
	Date-Modified = {2015-01-29 19:34:28 +0000},
	Do-Read = {1},
	Doi = {10.1111/j.2044-8295.1982.tb01826.x},
	Issn = {2044-8295},
	Journal = {British Journal of Psychology},
	Number = {4},
	Pages = {441--454},
	Publisher = {Blackwell Publishing Ltd},
	Read = {0},
	Title = {The effects of priming with regularly and irregularly related words in auditory word recognition},
	Url = {http://dx.doi.org/10.1111/j.2044-8295.1982.tb01826.x},
	Volume = {73},
	Year = {1982},
	Bdsk-Url-1 = {http://dx.doi.org/10.1111/j.2044-8295.1982.tb01826.x}}

@article{BJOP1796,
	Author = {Warren, Clive and Morton, John},
	Date-Added = {2014-05-07 01:47:38 +0000},
	Date-Modified = {2015-01-29 19:34:26 +0000},
	Do-Read = {1},
	Doi = {10.1111/j.2044-8295.1982.tb01796.x},
	Issn = {2044-8295},
	Journal = {British Journal of Psychology},
	Number = {1},
	Pages = {117--129},
	Publisher = {Blackwell Publishing Ltd},
	Read = {0},
	Title = {The effects of priming on picture recognition},
	Url = {http://dx.doi.org/10.1111/j.2044-8295.1982.tb01796.x},
	Volume = {73},
	Year = {1982},
	Bdsk-Url-1 = {http://dx.doi.org/10.1111/j.2044-8295.1982.tb01796.x}}

@conference{Kittur20131301,
	Author = {Kittur, A. and Nickerson, J.V. and Bernstein, M.S. and Gerber, E.M. and Shaw, A. and Zimmerman, J. and Lease, M. and Horton, J.J.},
	Date-Added = {2014-05-07 01:30:09 +0000},
	Date-Modified = {2014-05-07 01:30:09 +0000},
	Document_Type = {Conference Paper},
	Journal = {Proceedings of the ACM Conference on Computer Supported Cooperative Work, CSCW},
	Note = {cited By (since 1996)11},
	Pages = {1301-1317},
	Source = {Scopus},
	Title = {The future of crowd work},
	Url = {http://www.scopus.com/inward/record.url?eid=2-s2.0-84874886217&partnerID=40&md5=5e394b6ac02f6eb11cb8ab6ea6b86ec4},
	Year = {2013},
	Bdsk-File-1 = {YnBsaXN0MDDUAQIDBAUGJCVYJHZlcnNpb25YJG9iamVjdHNZJGFyY2hpdmVyVCR0b3ASAAGGoKgHCBMUFRYaIVUkbnVsbNMJCgsMDRBWJGNsYXNzV05TLmtleXNaTlMub2JqZWN0c4AHog4PgAKAA6IREoAEgAVccmVsYXRpdmVQYXRoWWFsaWFzRGF0YV8QIi4uLy4uLy4uLy4uLy4uL3JlZnMva2l0dHVyMjAxMy5wZGbSCRcYGVdOUy5kYXRhgAZPEQFyAAAAAAFyAAIAAAxNYWNpbnRvc2ggSEQAAAAAAAAAAAAAAAAAAADIwvF3SCsAAAJz7B4Oa2l0dHVyMjAxMy5wZGYAAAAAAAAAAAAAAAAAAAAAAAAAAAAAAAAAAAAAAAAAAAAAAAAAAAAAAAAAAAAAAAAAArIovc+3bIFQREYgAAAAAAAFAAIAAAkgAAAAAAAAAAAAAAAAAAAABHJlZnMAEAAIAADIwym3AAAAEQAIAADPt6TBAAAAAQAMAnPsHgICrSgAAJZCAAIAMk1hY2ludG9zaCBIRDpVc2VyczoAZW5ld2UxMDE6AHJlZnM6AGtpdHR1cjIwMTMucGRmAA4AHgAOAGsAaQB0AHQAdQByADIAMAAxADMALgBwAGQAZgAPABoADABNAGEAYwBpAG4AdABvAHMAaAAgAEgARAASACJVc2Vycy9lbmV3ZTEwMS9yZWZzL2tpdHR1cjIwMTMucGRmABMAAS8AABUAAgAP//8AANIbHB0eWiRjbGFzc25hbWVYJGNsYXNzZXNdTlNNdXRhYmxlRGF0YaMdHyBWTlNEYXRhWE5TT2JqZWN00hscIiNcTlNEaWN0aW9uYXJ5oiIgXxAPTlNLZXllZEFyY2hpdmVy0SYnVHJvb3SAAQAIABEAGgAjAC0AMgA3AEAARgBNAFQAXABnAGkAbABuAHAAcwB1AHcAhACOALMAuADAAMICOAI9AkgCUQJfAmMCagJzAngChQKIApoCnQKiAAAAAAAAAgEAAAAAAAAAKAAAAAAAAAAAAAAAAAAAAqQ=},
	Bdsk-Url-1 = {http://www.scopus.com/inward/record.url?eid=2-s2.0-84874886217&partnerID=40&md5=5e394b6ac02f6eb11cb8ab6ea6b86ec4}}

@conference{Finnerty2013,
	Art_Number = {14},
	Author = {Finnerty, A. and Kucherbaev, P. and Tranquillini, S. and Convertino, G.},
	Date-Added = {2014-05-07 01:13:28 +0000},
	Date-Modified = {2014-09-22 22:26:23 +0000},
	Document_Type = {Conference Paper},
	Journal = {ACM International Conference Proceeding Series},
	Note = {cited By (since 1996)0},
	Read = {0},
	Source = {Scopus},
	Title = {Keep it simple: Reward and task design in crowdsourcing},
	Url = {http://www.scopus.com/inward/record.url?eid=2-s2.0-84886404918&partnerID=40&md5=f325200e754c7d39ad816247bf51b814},
	Year = {2013},
	Bdsk-File-1 = {YnBsaXN0MDDUAQIDBAUGJCVYJHZlcnNpb25YJG9iamVjdHNZJGFyY2hpdmVyVCR0b3ASAAGGoKgHCBMUFRYaIVUkbnVsbNMJCgsMDRBWJGNsYXNzV05TLmtleXNaTlMub2JqZWN0c4AHog4PgAKAA6IREoAEgAVccmVsYXRpdmVQYXRoWWFsaWFzRGF0YV8QJC4uLy4uLy4uLy4uLy4uL3JlZnMvZmlubmVydHkyMDEzLnBkZtIJFxgZV05TLmRhdGGABk8RAXoAAAAAAXoAAgAADE1hY2ludG9zaCBIRAAAAAAAAAAAAAAAAAAAAMjC8XdIKwAAAnPsHhBmaW5uZXJ0eTIwMTMucGRmAAAAAAAAAAAAAAAAAAAAAAAAAAAAAAAAAAAAAAAAAAAAAAAAAAAAAAAAAAAAAAACvbBM0AQtB1BERiAAAAAAAAUAAgAACSAAAAAAAAAAAAAAAAAAAAAEcmVmcwAQAAgAAMjDKbcAAAARAAgAANAEZUcAAAABAAwCc+weAgKtKAAAlkIAAgA0TWFjaW50b3NoIEhEOlVzZXJzOgBlbmV3ZTEwMToAcmVmczoAZmlubmVydHkyMDEzLnBkZgAOACIAEABmAGkAbgBuAGUAcgB0AHkAMgAwADEAMwAuAHAAZABmAA8AGgAMAE0AYQBjAGkAbgB0AG8AcwBoACAASABEABIAJFVzZXJzL2VuZXdlMTAxL3JlZnMvZmlubmVydHkyMDEzLnBkZgATAAEvAAAVAAIAD///AADSGxwdHlokY2xhc3NuYW1lWCRjbGFzc2VzXU5TTXV0YWJsZURhdGGjHR8gVk5TRGF0YVhOU09iamVjdNIbHCIjXE5TRGljdGlvbmFyeaIiIF8QD05TS2V5ZWRBcmNoaXZlctEmJ1Ryb290gAEACAARABoAIwAtADIANwBAAEYATQBUAFwAZwBpAGwAbgBwAHMAdQB3AIQAjgC1ALoAwgDEAkICRwJSAlsCaQJtAnQCfQKCAo8CkgKkAqcCrAAAAAAAAAIBAAAAAAAAACgAAAAAAAAAAAAAAAAAAAKu},
	Bdsk-Url-1 = {http://www.scopus.com/inward/record.url?eid=2-s2.0-84886404918&partnerID=40&md5=f325200e754c7d39ad816247bf51b814}}

@conference{Zhai2012357,
	Art_Number = {6360130},
	Author = {Zhai, Z. and Kijewski-Correa, T. and Hachen, D. and Madey, G.},
	Date-Added = {2014-05-07 01:11:47 +0000},
	Date-Modified = {2014-09-22 22:28:26 +0000},
	Do-Read = {0},
	Document_Type = {Conference Paper},
	Journal = {7th International Conference on Digital Information Management, ICDIM 2012},
	Note = {cited By (since 1996)0},
	Pages = {357-364},
	Read = {1},
	Source = {Scopus},
	Title = {Haiti earthquake photo tagging: Lessons on crowdsourcing in-depth image classifications},
	Url = {http://www.scopus.com/inward/record.url?eid=2-s2.0-84871535297&partnerID=40&md5=10e5564c841aca5ac5ffc4a1abf8a33f},
	Year = {2012},
	Bdsk-File-1 = {YnBsaXN0MDDUAQIDBAUGJCVYJHZlcnNpb25YJG9iamVjdHNZJGFyY2hpdmVyVCR0b3ASAAGGoKgHCBMUFRYaIVUkbnVsbNMJCgsMDRBWJGNsYXNzV05TLmtleXNaTlMub2JqZWN0c4AHog4PgAKAA6IREoAEgAVccmVsYXRpdmVQYXRoWWFsaWFzRGF0YV8QHy4uLy4uLy4uLy4uLy4uL3JlZnMvemhpMjAxMi5wZGbSCRcYGVdOUy5kYXRhgAZPEQFoAAAAAAFoAAIAAAxNYWNpbnRvc2ggSEQAAAAAAAAAAAAAAAAAAADIwvF3SCsAAAJz7B4LemhpMjAxMi5wZGYAAAAAAAAAAAAAAAAAAAAAAAAAAAAAAAAAAAAAAAAAAAAAAAAAAAAAAAAAAAAAAAAAAAAAAqt8V8+PADQAAAAAAAAAAAAFAAIAAAkgAAAAAAAAAAAAAAAAAAAABHJlZnMAEAAIAADIwym3AAAAEQAIAADPjzh0AAAAAQAMAnPsHgICrSgAAJZCAAIAL01hY2ludG9zaCBIRDpVc2VyczoAZW5ld2UxMDE6AHJlZnM6AHpoaTIwMTIucGRmAAAOABgACwB6AGgAaQAyADAAMQAyAC4AcABkAGYADwAaAAwATQBhAGMAaQBuAHQAbwBzAGgAIABIAEQAEgAfVXNlcnMvZW5ld2UxMDEvcmVmcy96aGkyMDEyLnBkZgAAEwABLwAAFQACAA///wAA0hscHR5aJGNsYXNzbmFtZVgkY2xhc3Nlc11OU011dGFibGVEYXRhox0fIFZOU0RhdGFYTlNPYmplY3TSGxwiI1xOU0RpY3Rpb25hcnmiIiBfEA9OU0tleWVkQXJjaGl2ZXLRJidUcm9vdIABAAgAEQAaACMALQAyADcAQABGAE0AVABcAGcAaQBsAG4AcABzAHUAdwCEAI4AsAC1AL0AvwIrAjACOwJEAlICVgJdAmYCawJ4AnsCjQKQApUAAAAAAAACAQAAAAAAAAAoAAAAAAAAAAAAAAAAAAAClw==},
	Bdsk-Url-1 = {http://www.scopus.com/inward/record.url?eid=2-s2.0-84871535297&partnerID=40&md5=10e5564c841aca5ac5ffc4a1abf8a33f}}

@conference{Kinnaird2012281,
	Author = {Kinnaird, P. and Dabbish, L. and Kiesler, S.},
	Date-Added = {2014-05-07 01:06:46 +0000},
	Date-Modified = {2014-05-07 01:06:46 +0000},
	Document_Type = {Conference Paper},
	Journal = {GROUP'12 - Proceedings of the ACM 2012 International Conference on Support Group Work},
	Note = {cited By (since 1996)0},
	Pages = {281-284},
	Source = {Scopus},
	Title = {Workflow transparency in a microtask marketplace},
	Url = {http://www.scopus.com/inward/record.url?eid=2-s2.0-84870284051&partnerID=40&md5=aca80282195ef2f93ba6d4bfc1bcac7b},
	Year = {2012},
	Bdsk-Url-1 = {http://www.scopus.com/inward/record.url?eid=2-s2.0-84870284051&partnerID=40&md5=aca80282195ef2f93ba6d4bfc1bcac7b}}

@inproceedings{Xiao2013,
	Author = {Xiao, Y; Zhang, Yu; Van Der Schaar, Mihaela},
	Booktitle = {ICASSP, IEEE International Conference on Acoustics, Speech and Signal Processing},
	Date-Added = {2014-05-07 00:33:40 +0000},
	Date-Modified = {2014-05-07 00:39:08 +0000},
	Month = {October},
	Pages = {5263-5267},
	Title = {Socially-optimal design of crowdsourcing platforms with reputation update errors},
	Year = {2013}}

@inproceedings{le2010ensuring,
	Author = {Le, John and Edmonds, Andy and Hester, Vaughn and Biewald, Lukas},
	Booktitle = {SIGIR 2010 workshop on crowdsourcing for search evaluation},
	Date-Added = {2014-05-06 23:08:16 +0000},
	Date-Modified = {2014-09-22 22:27:54 +0000},
	Do-Read = {0},
	Get-Book = {1},
	Pages = {21--26},
	Read = {1},
	Title = {Ensuring quality in crowdsourced search relevance evaluation: The effects of training question distribution},
	Year = {2010},
	Bdsk-File-1 = {YnBsaXN0MDDUAQIDBAUGJCVYJHZlcnNpb25YJG9iamVjdHNZJGFyY2hpdmVyVCR0b3ASAAGGoKgHCBMUFRYaIVUkbnVsbNMJCgsMDRBWJGNsYXNzV05TLmtleXNaTlMub2JqZWN0c4AHog4PgAKAA6IREoAEgAVccmVsYXRpdmVQYXRoWWFsaWFzRGF0YV8QHi4uLy4uLy4uLy4uLy4uL3JlZnMvbGUyMDEwLnBkZtIJFxgZV05TLmRhdGGABk8RAWIAAAAAAWIAAgAADE1hY2ludG9zaCBIRAAAAAAAAAAAAAAAAAAAAMjC8XdIKwAAAnPsHgpsZTIwMTAucGRmAAAAAAAAAAAAAAAAAAAAAAAAAAAAAAAAAAAAAAAAAAAAAAAAAAAAAAAAAAAAAAAAAAAAAAACq3mJz47jsAAAAAAAAAAAAAUAAgAACSAAAAAAAAAAAAAAAAAAAAAEcmVmcwAQAAgAAMjDKbcAAAARAAgAAM+PG/AAAAABAAwCc+weAgKtKAAAlkIAAgAuTWFjaW50b3NoIEhEOlVzZXJzOgBlbmV3ZTEwMToAcmVmczoAbGUyMDEwLnBkZgAOABYACgBsAGUAMgAwADEAMAAuAHAAZABmAA8AGgAMAE0AYQBjAGkAbgB0AG8AcwBoACAASABEABIAHlVzZXJzL2VuZXdlMTAxL3JlZnMvbGUyMDEwLnBkZgATAAEvAAAVAAIAD///AADSGxwdHlokY2xhc3NuYW1lWCRjbGFzc2VzXU5TTXV0YWJsZURhdGGjHR8gVk5TRGF0YVhOU09iamVjdNIbHCIjXE5TRGljdGlvbmFyeaIiIF8QD05TS2V5ZWRBcmNoaXZlctEmJ1Ryb290gAEACAARABoAIwAtADIANwBAAEYATQBUAFwAZwBpAGwAbgBwAHMAdQB3AIQAjgCvALQAvAC+AiQCKQI0Aj0CSwJPAlYCXwJkAnECdAKGAokCjgAAAAAAAAIBAAAAAAAAACgAAAAAAAAAAAAAAAAAAAKQ}}

@inproceedings{snow2008cheap,
	Author = {Snow, Rion and O'Connor, Brendan and Jurafsky, Daniel and Ng, Andrew Y},
	Booktitle = {Proceedings of the conference on empirical methods in natural language processing},
	Date-Added = {2014-05-06 22:59:08 +0000},
	Date-Modified = {2015-01-29 18:03:42 +0000},
	Do-Read = {0},
	Organization = {Association for Computational Linguistics},
	Pages = {254--263},
	Read = {1},
	Title = {Cheap and fast---but is it good?: evaluating non-expert annotations for natural language tasks},
	Year = {2008},
	Bdsk-File-1 = {YnBsaXN0MDDUAQIDBAUGJCVYJHZlcnNpb25YJG9iamVjdHNZJGFyY2hpdmVyVCR0b3ASAAGGoKgHCBMUFRYaIVUkbnVsbNMJCgsMDRBWJGNsYXNzV05TLmtleXNaTlMub2JqZWN0c4AHog4PgAKAA6IREoAEgAVccmVsYXRpdmVQYXRoWWFsaWFzRGF0YV8QIC4uLy4uLy4uLy4uLy4uL3JlZnMvc25vdzIwMDgucGRm0gkXGBlXTlMuZGF0YYAGTxEBagAAAAABagACAAAMTWFjaW50b3NoIEhEAAAAAAAAAAAAAAAAAAAAyMLxd0grAAACc+weDHNub3cyMDA4LnBkZgAAAAAAAAAAAAAAAAAAAAAAAAAAAAAAAAAAAAAAAAAAAAAAAAAAAAAAAAAAAAAAAAAAAAKreWPPjuIWAAAAAAAAAAAABQACAAAJIAAAAAAAAAAAAAAAAAAAAARyZWZzABAACAAAyMMptwAAABEACAAAz48aVgAAAAEADAJz7B4CAq0oAACWQgACADBNYWNpbnRvc2ggSEQ6VXNlcnM6AGVuZXdlMTAxOgByZWZzOgBzbm93MjAwOC5wZGYADgAaAAwAcwBuAG8AdwAyADAAMAA4AC4AcABkAGYADwAaAAwATQBhAGMAaQBuAHQAbwBzAGgAIABIAEQAEgAgVXNlcnMvZW5ld2UxMDEvcmVmcy9zbm93MjAwOC5wZGYAEwABLwAAFQACAA///wAA0hscHR5aJGNsYXNzbmFtZVgkY2xhc3Nlc11OU011dGFibGVEYXRhox0fIFZOU0RhdGFYTlNPYmplY3TSGxwiI1xOU0RpY3Rpb25hcnmiIiBfEA9OU0tleWVkQXJjaGl2ZXLRJidUcm9vdIABAAgAEQAaACMALQAyADcAQABGAE0AVABcAGcAaQBsAG4AcABzAHUAdwCEAI4AsQC2AL4AwAIuAjMCPgJHAlUCWQJgAmkCbgJ7An4CkAKTApgAAAAAAAACAQAAAAAAAAAoAAAAAAAAAAAAAAAAAAACmg==}}

@article{paolacci2010running,
	Author = {Paolacci, Gabriele and Chandler, Jesse and Ipeirotis, Panagiotis G},
	Date-Added = {2014-05-06 20:34:58 +0000},
	Date-Modified = {2015-01-29 18:03:53 +0000},
	Do-Read = {0},
	Journal = {Judgment and Decision making},
	Number = {5},
	Pages = {411--419},
	Read = {0},
	Title = {Running experiments on amazon mechanical turk},
	Volume = {5},
	Year = {2010},
	Bdsk-File-1 = {YnBsaXN0MDDUAQIDBAUGJCVYJHZlcnNpb25YJG9iamVjdHNZJGFyY2hpdmVyVCR0b3ASAAGGoKgHCBMUFRYaIVUkbnVsbNMJCgsMDRBWJGNsYXNzV05TLmtleXNaTlMub2JqZWN0c4AHog4PgAKAA6IREoAEgAVccmVsYXRpdmVQYXRoWWFsaWFzRGF0YV8QJS4uLy4uLy4uLy4uLy4uL3JlZnMvcGFvbGFjY2kgMjAxMC5wZGbSCRcYGVdOUy5kYXRhgAZPEQGAAAAAAAGAAAIAAAxNYWNpbnRvc2ggSEQAAAAAAAAAAAAAAAAAAADIwvF3SCsAAAJz7B4RcGFvbGFjY2kgMjAxMC5wZGYAAAAAAAAAAAAAAAAAAAAAAAAAAAAAAAAAAAAAAAAAAAAAAAAAAAAAAAAAAAAAAqt4zc+Ov2oAAAAAAAAAAAAFAAIAAAkgAAAAAAAAAAAAAAAAAAAABHJlZnMAEAAIAADIwym3AAAAEQAIAADPjveqAAAAAQAMAnPsHgICrSgAAJZCAAIANU1hY2ludG9zaCBIRDpVc2VyczoAZW5ld2UxMDE6AHJlZnM6AHBhb2xhY2NpIDIwMTAucGRmAAAOACQAEQBwAGEAbwBsAGEAYwBjAGkAIAAyADAAMQAwAC4AcABkAGYADwAaAAwATQBhAGMAaQBuAHQAbwBzAGgAIABIAEQAEgAlVXNlcnMvZW5ld2UxMDEvcmVmcy9wYW9sYWNjaSAyMDEwLnBkZgAAEwABLwAAFQACAA///wAA0hscHR5aJGNsYXNzbmFtZVgkY2xhc3Nlc11OU011dGFibGVEYXRhox0fIFZOU0RhdGFYTlNPYmplY3TSGxwiI1xOU0RpY3Rpb25hcnmiIiBfEA9OU0tleWVkQXJjaGl2ZXLRJidUcm9vdIABAAgAEQAaACMALQAyADcAQABGAE0AVABcAGcAaQBsAG4AcABzAHUAdwCEAI4AtgC7AMMAxQJJAk4CWQJiAnACdAJ7AoQCiQKWApkCqwKuArMAAAAAAAACAQAAAAAAAAAoAAAAAAAAAAAAAAAAAAACtQ==}}

@inproceedings{lease2011quality,
	Author = {Lease, Matthew},
	Booktitle = {Human Computation},
	Date-Added = {2014-05-06 20:19:11 +0000},
	Date-Modified = {2015-01-29 18:04:49 +0000},
	Do-Read = {0},
	Title = {On Quality Control and Machine Learning in Crowdsourcing.},
	Year = {2011},
	Bdsk-File-1 = {YnBsaXN0MDDUAQIDBAUGJCVYJHZlcnNpb25YJG9iamVjdHNZJGFyY2hpdmVyVCR0b3ASAAGGoKgHCBMUFRYaIVUkbnVsbNMJCgsMDRBWJGNsYXNzV05TLmtleXNaTlMub2JqZWN0c4AHog4PgAKAA6IREoAEgAVccmVsYXRpdmVQYXRoWWFsaWFzRGF0YV8QIi4uLy4uLy4uLy4uLy4uL3JlZnMvTGVhc2UgMjAxMS5wZGbSCRcYGVdOUy5kYXRhgAZPEQFyAAAAAAFyAAIAAAxNYWNpbnRvc2ggSEQAAAAAAAAAAAAAAAAAAADIwvF3SCsAAAJz7B4OTGVhc2UgMjAxMS5wZGYAAAAAAAAAAAAAAAAAAAAAAAAAAAAAAAAAAAAAAAAAAAAAAAAAAAAAAAAAAAAAAAAAAqt4lc+OvBEAAAAAAAAAAAAFAAIAAAkgAAAAAAAAAAAAAAAAAAAABHJlZnMAEAAIAADIwym3AAAAEQAIAADPjvRRAAAAAQAMAnPsHgICrSgAAJZCAAIAMk1hY2ludG9zaCBIRDpVc2VyczoAZW5ld2UxMDE6AHJlZnM6AExlYXNlIDIwMTEucGRmAA4AHgAOAEwAZQBhAHMAZQAgADIAMAAxADEALgBwAGQAZgAPABoADABNAGEAYwBpAG4AdABvAHMAaAAgAEgARAASACJVc2Vycy9lbmV3ZTEwMS9yZWZzL0xlYXNlIDIwMTEucGRmABMAAS8AABUAAgAP//8AANIbHB0eWiRjbGFzc25hbWVYJGNsYXNzZXNdTlNNdXRhYmxlRGF0YaMdHyBWTlNEYXRhWE5TT2JqZWN00hscIiNcTlNEaWN0aW9uYXJ5oiIgXxAPTlNLZXllZEFyY2hpdmVy0SYnVHJvb3SAAQAIABEAGgAjAC0AMgA3AEAARgBNAFQAXABnAGkAbABuAHAAcwB1AHcAhACOALMAuADAAMICOAI9AkgCUQJfAmMCagJzAngChQKIApoCnQKiAAAAAAAAAgEAAAAAAAAAKAAAAAAAAAAAAAAAAAAAAqQ=}}

@inproceedings{grady2010crowdsourcing,
	Author = {Grady, Catherine and Lease, Matthew},
	Booktitle = {Proceedings of the NAACL HLT 2010 workshop on creating speech and language data with Amazon's mechanical turk},
	Date-Added = {2014-05-06 20:13:42 +0000},
	Date-Modified = {2014-09-22 22:27:16 +0000},
	Organization = {Association for Computational Linguistics},
	Pages = {172--179},
	Read = {1},
	Title = {Crowdsourcing document relevance assessment with Mechanical Turk},
	Year = {2010},
	Bdsk-File-1 = {YnBsaXN0MDDUAQIDBAUGJCVYJHZlcnNpb25YJG9iamVjdHNZJGFyY2hpdmVyVCR0b3ASAAGGoKgHCBMUFRYaIVUkbnVsbNMJCgsMDRBWJGNsYXNzV05TLmtleXNaTlMub2JqZWN0c4AHog4PgAKAA6IREoAEgAVccmVsYXRpdmVQYXRoWWFsaWFzRGF0YV8QIi4uLy4uLy4uLy4uLy4uL3JlZnMvZ3JhZHkgMjAxMC5wZGbSCRcYGVdOUy5kYXRhgAZPEQFyAAAAAAFyAAIAAAxNYWNpbnRvc2ggSEQAAAAAAAAAAAAAAAAAAADIwvF3SCsAAAJz7B4OZ3JhZHkgMjAxMC5wZGYAAAAAAAAAAAAAAAAAAAAAAAAAAAAAAAAAAAAAAAAAAAAAAAAAAAAAAAAAAAAAAAAAAqt4bs+OuuIAAAAAAAAAAAAFAAIAAAkgAAAAAAAAAAAAAAAAAAAABHJlZnMAEAAIAADIwym3AAAAEQAIAADPjvMiAAAAAQAMAnPsHgICrSgAAJZCAAIAMk1hY2ludG9zaCBIRDpVc2VyczoAZW5ld2UxMDE6AHJlZnM6AGdyYWR5IDIwMTAucGRmAA4AHgAOAGcAcgBhAGQAeQAgADIAMAAxADAALgBwAGQAZgAPABoADABNAGEAYwBpAG4AdABvAHMAaAAgAEgARAASACJVc2Vycy9lbmV3ZTEwMS9yZWZzL2dyYWR5IDIwMTAucGRmABMAAS8AABUAAgAP//8AANIbHB0eWiRjbGFzc25hbWVYJGNsYXNzZXNdTlNNdXRhYmxlRGF0YaMdHyBWTlNEYXRhWE5TT2JqZWN00hscIiNcTlNEaWN0aW9uYXJ5oiIgXxAPTlNLZXllZEFyY2hpdmVy0SYnVHJvb3SAAQAIABEAGgAjAC0AMgA3AEAARgBNAFQAXABnAGkAbABuAHAAcwB1AHcAhACOALMAuADAAMICOAI9AkgCUQJfAmMCagJzAngChQKIApoCnQKiAAAAAAAAAgEAAAAAAAAAKAAAAAAAAAAAAAAAAAAAAqQ=}}

@inproceedings{alonso2009can,
	Author = {Alonso, Omar and Mizzaro, Stefano},
	Booktitle = {Proceedings of the SIGIR 2009 Workshop on the Future of IR Evaluation},
	Date-Added = {2014-05-06 20:11:30 +0000},
	Date-Modified = {2014-09-22 22:27:05 +0000},
	Pages = {15--16},
	Read = {1},
	Title = {Can we get rid of TREC assessors? Using Mechanical Turk for relevance assessment},
	Year = {2009},
	Bdsk-File-1 = {YnBsaXN0MDDUAQIDBAUGJCVYJHZlcnNpb25YJG9iamVjdHNZJGFyY2hpdmVyVCR0b3ASAAGGoKgHCBMUFRYaIVUkbnVsbNMJCgsMDRBWJGNsYXNzV05TLmtleXNaTlMub2JqZWN0c4AHog4PgAKAA6IREoAEgAVccmVsYXRpdmVQYXRoWWFsaWFzRGF0YV8QIy4uLy4uLy4uLy4uLy4uL3JlZnMvYWxvbnpvIDIwMDkucGRm0gkXGBlXTlMuZGF0YYAGTxEBeAAAAAABeAACAAAMTWFjaW50b3NoIEhEAAAAAAAAAAAAAAAAAAAAyMLxd0grAAACc+weD2Fsb256byAyMDA5LnBkZgAAAAAAAAAAAAAAAAAAAAAAAAAAAAAAAAAAAAAAAAAAAAAAAAAAAAAAAAAAAAAAAAKreEjPjrpTAAAAAAAAAAAABQACAAAJIAAAAAAAAAAAAAAAAAAAAARyZWZzABAACAAAyMMptwAAABEACAAAz47ykwAAAAEADAJz7B4CAq0oAACWQgACADNNYWNpbnRvc2ggSEQ6VXNlcnM6AGVuZXdlMTAxOgByZWZzOgBhbG9uem8gMjAwOS5wZGYAAA4AIAAPAGEAbABvAG4AegBvACAAMgAwADAAOQAuAHAAZABmAA8AGgAMAE0AYQBjAGkAbgB0AG8AcwBoACAASABEABIAI1VzZXJzL2VuZXdlMTAxL3JlZnMvYWxvbnpvIDIwMDkucGRmAAATAAEvAAAVAAIAD///AADSGxwdHlokY2xhc3NuYW1lWCRjbGFzc2VzXU5TTXV0YWJsZURhdGGjHR8gVk5TRGF0YVhOU09iamVjdNIbHCIjXE5TRGljdGlvbmFyeaIiIF8QD05TS2V5ZWRBcmNoaXZlctEmJ1Ryb290gAEACAARABoAIwAtADIANwBAAEYATQBUAFwAZwBpAGwAbgBwAHMAdQB3AIQAjgC0ALkAwQDDAj8CRAJPAlgCZgJqAnECegJ/AowCjwKhAqQCqQAAAAAAAAIBAAAAAAAAACgAAAAAAAAAAAAAAAAAAAKr}}

@article{marsden2009crowdsourcing,
	Author = {Marsden, Paul},
	Date-Added = {2014-05-06 20:09:50 +0000},
	Date-Modified = {2015-01-29 18:03:38 +0000},
	Do-Read = {0},
	Journal = {Contagious Magazine},
	Pages = {24--28},
	Title = {Crowdsourcing},
	Volume = {18},
	Year = {2009}}

@book{howe2008crowdsourcing,
	Author = {Howe, Jeff},
	Date-Added = {2014-05-06 19:57:40 +0000},
	Date-Modified = {2015-01-29 18:03:42 +0000},
	Do-Read = {0},
	Publisher = {Random House},
	Title = {Crowdsourcing: How the power of the crowd is driving the future of business},
	Year = {2008}}

@inproceedings{von2004labeling,
	Author = {Von Ahn, Luis and Dabbish, Laura},
	Booktitle = {Proceedings of the SIGCHI conference on Human factors in computing systems},
	Date-Added = {2014-05-06 19:48:38 +0000},
	Date-Modified = {2014-05-06 19:48:38 +0000},
	Organization = {ACM},
	Pages = {319--326},
	Title = {Labeling images with a computer game},
	Year = {2004}}

@article{golder2011diurnal,
	Author = {Golder, Scott A and Macy, Michael W},
	Date-Added = {2013-09-24 05:14:54 +0000},
	Date-Modified = {2013-09-24 05:14:54 +0000},
	Journal = {Science},
	Number = {6051},
	Pages = {1878--1881},
	Publisher = {American Association for the Advancement of Science},
	Title = {Diurnal and seasonal mood vary with work, sleep, and daylength across diverse cultures},
	Volume = {333},
	Year = {2011}}

@inproceedings{ghosh2012implementing,
	Author = {Ghosh, Arpita and Hummel, Patrick},
	Booktitle = {Proceedings of the 21st international conference on World Wide Web},
	Date-Added = {2013-09-24 05:03:18 +0000},
	Date-Modified = {2014-05-06 18:50:37 +0000},
	Get-Book = {1},
	Organization = {ACM},
	Pages = {539--548},
	Title = {Implementing optimal outcomes in social computing: a game-theoretic approach},
	Year = {2012}}

@article{kaufman1999emotional,
	Author = {Kaufman, Bruce E},
	Date-Added = {2013-09-24 04:50:40 +0000},
	Date-Modified = {2013-09-24 04:50:40 +0000},
	Journal = {Journal of Economic Behavior \& Organization},
	Number = {2},
	Pages = {135--144},
	Publisher = {Elsevier},
	Title = {Emotional arousal as a source of bounded rationality},
	Volume = {38},
	Year = {1999}}

@book{gigerenzer2002bounded,
	Author = {Gigerenzer, Gerd and Selten, Reinhard},
	Date-Added = {2013-09-24 04:49:05 +0000},
	Date-Modified = {2013-09-24 04:49:05 +0000},
	Publisher = {Mit Press},
	Title = {Bounded rationality: The adaptative toolbox},
	Year = {2002}}

@book{wilkinson1999parallel,
	Author = {Wilkinson, Barry and Allen, C Michael},
	Date-Added = {2013-09-24 04:40:27 +0000},
	Date-Modified = {2013-09-24 04:40:27 +0000},
	Publisher = {Prentice hall New Jersey},
	Title = {Parallel programming},
	Volume = {999},
	Year = {1999}}

@inproceedings{berland2009participatory,
	Author = {Berland, Matthew and Rand, William},
	Booktitle = {ICAART},
	Date-Added = {2013-09-21 03:35:03 +0000},
	Date-Modified = {2014-05-06 23:10:36 +0000},
	Do-Read = {0},
	Pages = {553--557},
	Title = {Participatory Simulation as a Tool for Agent-based Simulation.},
	Year = {2009},
	Bdsk-File-1 = {YnBsaXN0MDDUAQIDBAUGJCVYJHZlcnNpb25YJG9iamVjdHNZJGFyY2hpdmVyVCR0b3ASAAGGoKgHCBMUFRYaIVUkbnVsbNMJCgsMDRBWJGNsYXNzV05TLmtleXNaTlMub2JqZWN0c4AHog4PgAKAA6IREoAEgAVccmVsYXRpdmVQYXRoWWFsaWFzRGF0YV8QJC4uLy4uLy4uLy4uLy4uL3JlZnMvYmVybGFuZCAyMDA5LnBkZtIJFxgZV05TLmRhdGGABk8RAXoAAAAAAXoAAgAADE1hY2ludG9zaCBIRAAAAAAAAAAAAAAAAAAAAMjC8XdIKwAAAnPsHhBiZXJsYW5kIDIwMDkucGRmAAAAAAAAAAAAAAAAAAAAAAAAAAAAAAAAAAAAAAAAAAAAAAAAAAAAAAAAAAAAAAACgz6ozmKMLwAAAAAAAAAAAAUAAgAACSAAAAAAAAAAAAAAAAAAAAAEcmVmcwAQAAgAAMjDKbcAAAARAAgAAM5ixG8AAAABAAwCc+weAgKtKAAAlkIAAgA0TWFjaW50b3NoIEhEOlVzZXJzOgBlbmV3ZTEwMToAcmVmczoAYmVybGFuZCAyMDA5LnBkZgAOACIAEABiAGUAcgBsAGEAbgBkACAAMgAwADAAOQAuAHAAZABmAA8AGgAMAE0AYQBjAGkAbgB0AG8AcwBoACAASABEABIAJFVzZXJzL2VuZXdlMTAxL3JlZnMvYmVybGFuZCAyMDA5LnBkZgATAAEvAAAVAAIAD///AADSGxwdHlokY2xhc3NuYW1lWCRjbGFzc2VzXU5TTXV0YWJsZURhdGGjHR8gVk5TRGF0YVhOU09iamVjdNIbHCIjXE5TRGljdGlvbmFyeaIiIF8QD05TS2V5ZWRBcmNoaXZlctEmJ1Ryb290gAEACAARABoAIwAtADIANwBAAEYATQBUAFwAZwBpAGwAbgBwAHMAdQB3AIQAjgC1ALoAwgDEAkICRwJSAlsCaQJtAnQCfQKCAo8CkgKkAqcCrAAAAAAAAAIBAAAAAAAAACgAAAAAAAAAAAAAAAAAAAKu}}

@inproceedings{panchal2008product,
	Author = {Panchal, Jitesh H and Fathianathan, Mervyn},
	Booktitle = {ASME Design Automation Conference},
	Date-Added = {2013-09-21 03:28:25 +0000},
	Date-Modified = {2014-05-06 23:10:29 +0000},
	Do-Read = {0},
	Get-Book = {1},
	Pages = {3--6},
	Title = {Product realization in the age of mass collaboration},
	Year = {2008},
	Bdsk-File-1 = {YnBsaXN0MDDUAQIDBAUGJCVYJHZlcnNpb25YJG9iamVjdHNZJGFyY2hpdmVyVCR0b3ASAAGGoKgHCBMUFRYaIVUkbnVsbNMJCgsMDRBWJGNsYXNzV05TLmtleXNaTlMub2JqZWN0c4AHog4PgAKAA6IREoAEgAVccmVsYXRpdmVQYXRoWWFsaWFzRGF0YV8QJC4uLy4uLy4uLy4uLy4uL3JlZnMvcGFuY2hhbCAyMDA4LnBkZtIJFxgZV05TLmRhdGGABk8RAXoAAAAAAXoAAgAADE1hY2ludG9zaCBIRAAAAAAAAAAAAAAAAAAAAMjC8XdIKwAAAnPsHhBwYW5jaGFsIDIwMDgucGRmAAAAAAAAAAAAAAAAAAAAAAAAAAAAAAAAAAAAAAAAAAAAAAAAAAAAAAAAAAAAAAACgzdEzmKKfAAAAAAAAAAAAAUAAgAACSAAAAAAAAAAAAAAAAAAAAAEcmVmcwAQAAgAAMjDKbcAAAARAAgAAM5iwrwAAAABAAwCc+weAgKtKAAAlkIAAgA0TWFjaW50b3NoIEhEOlVzZXJzOgBlbmV3ZTEwMToAcmVmczoAcGFuY2hhbCAyMDA4LnBkZgAOACIAEABwAGEAbgBjAGgAYQBsACAAMgAwADAAOAAuAHAAZABmAA8AGgAMAE0AYQBjAGkAbgB0AG8AcwBoACAASABEABIAJFVzZXJzL2VuZXdlMTAxL3JlZnMvcGFuY2hhbCAyMDA4LnBkZgATAAEvAAAVAAIAD///AADSGxwdHlokY2xhc3NuYW1lWCRjbGFzc2VzXU5TTXV0YWJsZURhdGGjHR8gVk5TRGF0YVhOU09iamVjdNIbHCIjXE5TRGljdGlvbmFyeaIiIF8QD05TS2V5ZWRBcmNoaXZlctEmJ1Ryb290gAEACAARABoAIwAtADIANwBAAEYATQBUAFwAZwBpAGwAbgBwAHMAdQB3AIQAjgC1ALoAwgDEAkICRwJSAlsCaQJtAnQCfQKCAo8CkgKkAqcCrAAAAAAAAAIBAAAAAAAAACgAAAAAAAAAAAAAAAAAAAKu}}

@inproceedings{yuen2011survey,
	Author = {Yuen, Man-Ching and King, Irwin and Leung, Kwong-Sak},
	Booktitle = {Privacy, security, risk and trust (passat), 2011 ieee third international conference on and 2011 ieee third international conference on social computing (socialcom)},
	Date-Added = {2013-09-21 03:16:46 +0000},
	Date-Modified = {2015-01-29 18:03:38 +0000},
	Do-Read = {0},
	Get-Book = {1},
	Organization = {IEEE},
	Pages = {766--773},
	Title = {A survey of crowdsourcing systems},
	Year = {2011},
	Bdsk-File-1 = {YnBsaXN0MDDUAQIDBAUGJCVYJHZlcnNpb25YJG9iamVjdHNZJGFyY2hpdmVyVCR0b3ASAAGGoKgHCBMUFRYaIVUkbnVsbNMJCgsMDRBWJGNsYXNzV05TLmtleXNaTlMub2JqZWN0c4AHog4PgAKAA6IREoAEgAVccmVsYXRpdmVQYXRoWWFsaWFzRGF0YV8QIS4uLy4uLy4uLy4uLy4uL3JlZnMveXVlbiAyMDExLnBkZtIJFxgZV05TLmRhdGGABk8RAXAAAAAAAXAAAgAADE1hY2ludG9zaCBIRAAAAAAAAAAAAAAAAAAAAMjC8XdIKwAAAnPsHg15dWVuIDIwMTEucGRmAAAAAAAAAAAAAAAAAAAAAAAAAAAAAAAAAAAAAAAAAAAAAAAAAAAAAAAAAAAAAAAAAAACgzC9zmKHyAAAAAAAAAAAAAUAAgAACSAAAAAAAAAAAAAAAAAAAAAEcmVmcwAQAAgAAMjDKbcAAAARAAgAAM5iwAgAAAABAAwCc+weAgKtKAAAlkIAAgAxTWFjaW50b3NoIEhEOlVzZXJzOgBlbmV3ZTEwMToAcmVmczoAeXVlbiAyMDExLnBkZgAADgAcAA0AeQB1AGUAbgAgADIAMAAxADEALgBwAGQAZgAPABoADABNAGEAYwBpAG4AdABvAHMAaAAgAEgARAASACFVc2Vycy9lbmV3ZTEwMS9yZWZzL3l1ZW4gMjAxMS5wZGYAABMAAS8AABUAAgAP//8AANIbHB0eWiRjbGFzc25hbWVYJGNsYXNzZXNdTlNNdXRhYmxlRGF0YaMdHyBWTlNEYXRhWE5TT2JqZWN00hscIiNcTlNEaWN0aW9uYXJ5oiIgXxAPTlNLZXllZEFyY2hpdmVy0SYnVHJvb3SAAQAIABEAGgAjAC0AMgA3AEAARgBNAFQAXABnAGkAbABuAHAAcwB1AHcAhACOALIAtwC/AMECNQI6AkUCTgJcAmACZwJwAnUCggKFApcCmgKfAAAAAAAAAgEAAAAAAAAAKAAAAAAAAAAAAAAAAAAAAqE=}}

@inproceedings{dipalantino2009crowdsourcing,
	Author = {DiPalantino, Dominic and Vojnovic, Milan},
	Booktitle = {Proceedings of the 10th ACM conference on Electronic commerce},
	Date-Added = {2013-09-21 02:59:06 +0000},
	Date-Modified = {2014-05-06 23:10:36 +0000},
	Do-Read = {0},
	Organization = {ACM},
	Pages = {119--128},
	Title = {Crowdsourcing and all-pay auctions},
	Year = {2009},
	Bdsk-File-1 = {YnBsaXN0MDDUAQIDBAUGJCVYJHZlcnNpb25YJG9iamVjdHNZJGFyY2hpdmVyVCR0b3ASAAGGoKgHCBMUFRYaIVUkbnVsbNMJCgsMDRBWJGNsYXNzV05TLmtleXNaTlMub2JqZWN0c4AHog4PgAKAA6IREoAEgAVccmVsYXRpdmVQYXRoWWFsaWFzRGF0YV8QKC4uLy4uLy4uLy4uLy4uL3JlZnMvZGlwYWxhbnRpbm8gMjAwOS5wZGbSCRcYGVdOUy5kYXRhgAZPEQGKAAAAAAGKAAIAAAxNYWNpbnRvc2ggSEQAAAAAAAAAAAAAAAAAAADIwvF3SCsAAAJz7B4UZGlwYWxhbnRpbm8gMjAwOS5wZGYAAAAAAAAAAAAAAAAAAAAAAAAAAAAAAAAAAAAAAAAAAAAAAAAAAAAAAAAAAoMos85ig44AAAAAAAAAAAAFAAIAAAkgAAAAAAAAAAAAAAAAAAAABHJlZnMAEAAIAADIwym3AAAAEQAIAADOYrvOAAAAAQAMAnPsHgICrSgAAJZCAAIAOE1hY2ludG9zaCBIRDpVc2VyczoAZW5ld2UxMDE6AHJlZnM6AGRpcGFsYW50aW5vIDIwMDkucGRmAA4AKgAUAGQAaQBwAGEAbABhAG4AdABpAG4AbwAgADIAMAAwADkALgBwAGQAZgAPABoADABNAGEAYwBpAG4AdABvAHMAaAAgAEgARAASAChVc2Vycy9lbmV3ZTEwMS9yZWZzL2RpcGFsYW50aW5vIDIwMDkucGRmABMAAS8AABUAAgAP//8AANIbHB0eWiRjbGFzc25hbWVYJGNsYXNzZXNdTlNNdXRhYmxlRGF0YaMdHyBWTlNEYXRhWE5TT2JqZWN00hscIiNcTlNEaWN0aW9uYXJ5oiIgXxAPTlNLZXllZEFyY2hpdmVy0SYnVHJvb3SAAQAIABEAGgAjAC0AMgA3AEAARgBNAFQAXABnAGkAbABuAHAAcwB1AHcAhACOALkAvgDGAMgCVgJbAmYCbwJ9AoECiAKRApYCowKmArgCuwLAAAAAAAAAAgEAAAAAAAAAKAAAAAAAAAAAAAAAAAAAAsI=}}

@article{wuevaluation,
	Author = {Wu, Wenjun and Tsai, Wei-Tek and Li, Wei},
	Date-Added = {2013-09-21 02:56:35 +0000},
	Date-Modified = {2014-05-06 23:10:42 +0000},
	Do-Read = {0},
	Journal = {Frontiers of Computer Science},
	Pages = {1--16},
	Publisher = {Springer},
	Title = {An evaluation framework for software crowdsourcing},
	Bdsk-File-1 = {YnBsaXN0MDDUAQIDBAUGJCVYJHZlcnNpb25YJG9iamVjdHNZJGFyY2hpdmVyVCR0b3ASAAGGoKgHCBMUFRYaIVUkbnVsbNMJCgsMDRBWJGNsYXNzV05TLmtleXNaTlMub2JqZWN0c4AHog4PgAKAA6IREoAEgAVccmVsYXRpdmVQYXRoWWFsaWFzRGF0YV8QHy4uLy4uLy4uLy4uLy4uL3JlZnMvd3UgMjAxMy5wZGbSCRcYGVdOUy5kYXRhgAZPEQFoAAAAAAFoAAIAAAxNYWNpbnRvc2ggSEQAAAAAAAAAAAAAAAAAAADIwvF3SCsAAAJz7B4Ld3UgMjAxMy5wZGYAAAAAAAAAAAAAAAAAAAAAAAAAAAAAAAAAAAAAAAAAAAAAAAAAAAAAAAAAAAAAAAAAAAAAAoMnWs5igxAAAAAAAAAAAAAFAAIAAAkgAAAAAAAAAAAAAAAAAAAABHJlZnMAEAAIAADIwym3AAAAEQAIAADOYrtQAAAAAQAMAnPsHgICrSgAAJZCAAIAL01hY2ludG9zaCBIRDpVc2VyczoAZW5ld2UxMDE6AHJlZnM6AHd1IDIwMTMucGRmAAAOABgACwB3AHUAIAAyADAAMQAzAC4AcABkAGYADwAaAAwATQBhAGMAaQBuAHQAbwBzAGgAIABIAEQAEgAfVXNlcnMvZW5ld2UxMDEvcmVmcy93dSAyMDEzLnBkZgAAEwABLwAAFQACAA///wAA0hscHR5aJGNsYXNzbmFtZVgkY2xhc3Nlc11OU011dGFibGVEYXRhox0fIFZOU0RhdGFYTlNPYmplY3TSGxwiI1xOU0RpY3Rpb25hcnmiIiBfEA9OU0tleWVkQXJjaGl2ZXLRJidUcm9vdIABAAgAEQAaACMALQAyADcAQABGAE0AVABcAGcAaQBsAG4AcABzAHUAdwCEAI4AsAC1AL0AvwIrAjACOwJEAlICVgJdAmYCawJ4AnsCjQKQApUAAAAAAAACAQAAAAAAAAAoAAAAAAAAAAAAAAAAAAAClw==}}

@inproceedings{ranade2012crowdsource,
	Author = {Ranade, Gireeja and Varshney, Lav R},
	Booktitle = {Workshops at the Twenty-Sixth AAAI Conference on Artificial Intelligence},
	Date-Added = {2013-09-21 02:54:37 +0000},
	Date-Modified = {2015-01-29 18:03:51 +0000},
	Do-Read = {0},
	Get-Book = {1},
	Title = {To Crowdsource or not to Crowdsource?},
	Year = {2012},
	Bdsk-File-1 = {YnBsaXN0MDDUAQIDBAUGJCVYJHZlcnNpb25YJG9iamVjdHNZJGFyY2hpdmVyVCR0b3ASAAGGoKgHCBMUFRYaIVUkbnVsbNMJCgsMDRBWJGNsYXNzV05TLmtleXNaTlMub2JqZWN0c4AHog4PgAKAA6IREoAEgAVccmVsYXRpdmVQYXRoWWFsaWFzRGF0YV8QIy4uLy4uLy4uLy4uLy4uL3JlZnMvcmFuYWRlIDIwMTIucGRm0gkXGBlXTlMuZGF0YYAGTxEBeAAAAAABeAACAAAMTWFjaW50b3NoIEhEAAAAAAAAAAAAAAAAAAAAyMLxd0grAAACc+weD3JhbmFkZSAyMDEyLnBkZgAAAAAAAAAAAAAAAAAAAAAAAAAAAAAAAAAAAAAAAAAAAAAAAAAAAAAAAAAAAAAAAAKDJn/OYoKTAAAAAAAAAAAABQACAAAJIAAAAAAAAAAAAAAAAAAAAARyZWZzABAACAAAyMMptwAAABEACAAAzmK60wAAAAEADAJz7B4CAq0oAACWQgACADNNYWNpbnRvc2ggSEQ6VXNlcnM6AGVuZXdlMTAxOgByZWZzOgByYW5hZGUgMjAxMi5wZGYAAA4AIAAPAHIAYQBuAGEAZABlACAAMgAwADEAMgAuAHAAZABmAA8AGgAMAE0AYQBjAGkAbgB0AG8AcwBoACAASABEABIAI1VzZXJzL2VuZXdlMTAxL3JlZnMvcmFuYWRlIDIwMTIucGRmAAATAAEvAAAVAAIAD///AADSGxwdHlokY2xhc3NuYW1lWCRjbGFzc2VzXU5TTXV0YWJsZURhdGGjHR8gVk5TRGF0YVhOU09iamVjdNIbHCIjXE5TRGljdGlvbmFyeaIiIF8QD05TS2V5ZWRBcmNoaXZlctEmJ1Ryb290gAEACAARABoAIwAtADIANwBAAEYATQBUAFwAZwBpAGwAbgBwAHMAdQB3AIQAjgC0ALkAwQDDAj8CRAJPAlgCZgJqAnECegJ/AowCjwKhAqQCqQAAAAAAAAIBAAAAAAAAACgAAAAAAAAAAAAAAAAAAAKr}}

@inproceedings{zhang2012reputation,
	Author = {Zhang, Yu and van der Schaar, Mihaela},
	Booktitle = {INFOCOM, 2012 Proceedings IEEE},
	Date-Added = {2013-09-21 02:53:06 +0000},
	Date-Modified = {2014-05-06 23:10:40 +0000},
	Do-Read = {0},
	Get-Book = {1},
	Organization = {IEEE},
	Pages = {2140--2148},
	Title = {Reputation-based incentive protocols in crowdsourcing applications},
	Year = {2012},
	Bdsk-File-1 = {YnBsaXN0MDDUAQIDBAUGJCVYJHZlcnNpb25YJG9iamVjdHNZJGFyY2hpdmVyVCR0b3ASAAGGoKgHCBMUFRYaIVUkbnVsbNMJCgsMDRBWJGNsYXNzV05TLmtleXNaTlMub2JqZWN0c4AHog4PgAKAA6IREoAEgAVccmVsYXRpdmVQYXRoWWFsaWFzRGF0YV8QIi4uLy4uLy4uLy4uLy4uL3JlZnMvemhhbmcgMjAxMi5wZGbSCRcYGVdOUy5kYXRhgAZPEQFyAAAAAAFyAAIAAAxNYWNpbnRvc2ggSEQAAAAAAAAAAAAAAAAAAADIwvF3SCsAAAJz7B4OemhhbmcgMjAxMi5wZGYAAAAAAAAAAAAAAAAAAAAAAAAAAAAAAAAAAAAAAAAAAAAAAAAAAAAAAAAAAAAAAAAAAoMlhc5igjQAAAAAAAAAAAAFAAIAAAkgAAAAAAAAAAAAAAAAAAAABHJlZnMAEAAIAADIwym3AAAAEQAIAADOYrp0AAAAAQAMAnPsHgICrSgAAJZCAAIAMk1hY2ludG9zaCBIRDpVc2VyczoAZW5ld2UxMDE6AHJlZnM6AHpoYW5nIDIwMTIucGRmAA4AHgAOAHoAaABhAG4AZwAgADIAMAAxADIALgBwAGQAZgAPABoADABNAGEAYwBpAG4AdABvAHMAaAAgAEgARAASACJVc2Vycy9lbmV3ZTEwMS9yZWZzL3poYW5nIDIwMTIucGRmABMAAS8AABUAAgAP//8AANIbHB0eWiRjbGFzc25hbWVYJGNsYXNzZXNdTlNNdXRhYmxlRGF0YaMdHyBWTlNEYXRhWE5TT2JqZWN00hscIiNcTlNEaWN0aW9uYXJ5oiIgXxAPTlNLZXllZEFyY2hpdmVy0SYnVHJvb3SAAQAIABEAGgAjAC0AMgA3AEAARgBNAFQAXABnAGkAbABuAHAAcwB1AHcAhACOALMAuADAAMICOAI9AkgCUQJfAmMCagJzAngChQKIApoCnQKiAAAAAAAAAgEAAAAAAAAAKAAAAAAAAAAAAAAAAAAAAqQ=}}

@inproceedings{archak2009optimal,
	Author = {Archak, Nikolay and Sundararajan, Arun},
	Booktitle = {ICIS},
	Date-Added = {2013-09-21 02:51:05 +0000},
	Date-Modified = {2015-01-29 18:03:55 +0000},
	Do-Read = {0},
	Get-Book = {1},
	Pages = {200},
	Read = {0},
	Title = {Optimal Design of Crowdsourcing Contests.},
	Year = {2009},
	Bdsk-File-1 = {YnBsaXN0MDDUAQIDBAUGJCVYJHZlcnNpb25YJG9iamVjdHNZJGFyY2hpdmVyVCR0b3ASAAGGoKgHCBMUFRYaIVUkbnVsbNMJCgsMDRBWJGNsYXNzV05TLmtleXNaTlMub2JqZWN0c4AHog4PgAKAA6IREoAEgAVccmVsYXRpdmVQYXRoWWFsaWFzRGF0YV8QIy4uLy4uLy4uLy4uLy4uL3JlZnMvYXJjaGFrIDIwMDkucGRm0gkXGBlXTlMuZGF0YYAGTxEBeAAAAAABeAACAAAMTWFjaW50b3NoIEhEAAAAAAAAAAAAAAAAAAAAyMLxd0grAAACc+weD2FyY2hhayAyMDA5LnBkZgAAAAAAAAAAAAAAAAAAAAAAAAAAAAAAAAAAAAAAAAAAAAAAAAAAAAAAAAAAAAAAAAKDIzrOYoGrAAAAAAAAAAAABQACAAAJIAAAAAAAAAAAAAAAAAAAAARyZWZzABAACAAAyMMptwAAABEACAAAzmK56wAAAAEADAJz7B4CAq0oAACWQgACADNNYWNpbnRvc2ggSEQ6VXNlcnM6AGVuZXdlMTAxOgByZWZzOgBhcmNoYWsgMjAwOS5wZGYAAA4AIAAPAGEAcgBjAGgAYQBrACAAMgAwADAAOQAuAHAAZABmAA8AGgAMAE0AYQBjAGkAbgB0AG8AcwBoACAASABEABIAI1VzZXJzL2VuZXdlMTAxL3JlZnMvYXJjaGFrIDIwMDkucGRmAAATAAEvAAAVAAIAD///AADSGxwdHlokY2xhc3NuYW1lWCRjbGFzc2VzXU5TTXV0YWJsZURhdGGjHR8gVk5TRGF0YVhOU09iamVjdNIbHCIjXE5TRGljdGlvbmFyeaIiIF8QD05TS2V5ZWRBcmNoaXZlctEmJ1Ryb290gAEACAARABoAIwAtADIANwBAAEYATQBUAFwAZwBpAGwAbgBwAHMAdQB3AIQAjgC0ALkAwQDDAj8CRAJPAlgCZgJqAnECegJ/AowCjwKhAqQCqQAAAAAAAAIBAAAAAAAAACgAAAAAAAAAAAAAAAAAAAKr}}

@article{kazai2013analysis,
	Author = {Kazai, Gabriella and Kamps, Jaap and Milic-Frayling, Natasa},
	Date-Added = {2013-09-21 02:09:00 +0000},
	Date-Modified = {2014-09-22 22:26:43 +0000},
	Do-Read = {0},
	Get-Book = {1},
	Journal = {Information Retrieval},
	Pages = {1--41},
	Publisher = {Springer},
	Read = {1},
	Title = {An analysis of human factors and label accuracy in crowdsourcing relevance judgments},
	Year = {2013},
	Bdsk-File-1 = {YnBsaXN0MDDUAQIDBAUGJCVYJHZlcnNpb25YJG9iamVjdHNZJGFyY2hpdmVyVCR0b3ASAAGGoKgHCBMUFRYaIVUkbnVsbNMJCgsMDRBWJGNsYXNzV05TLmtleXNaTlMub2JqZWN0c4AHog4PgAKAA6IREoAEgAVccmVsYXRpdmVQYXRoWWFsaWFzRGF0YV8QIi4uLy4uLy4uLy4uLy4uL3JlZnMva2F6YWkgMjAxMy5wZGbSCRcYGVdOUy5kYXRhgAZPEQFyAAAAAAFyAAIAAAxNYWNpbnRvc2ggSEQAAAAAAAAAAAAAAAAAAADIwvF3SCsAAAJz7B4Oa2F6YWkgMjAxMy5wZGYAAAAAAAAAAAAAAAAAAAAAAAAAAAAAAAAAAAAAAAAAAAAAAAAAAAAAAAAAAAAAAAAAAoMdBc5id60AAAAAAAAAAAAFAAIAAAkgAAAAAAAAAAAAAAAAAAAABHJlZnMAEAAIAADIwym3AAAAEQAIAADOYq/tAAAAAQAMAnPsHgICrSgAAJZCAAIAMk1hY2ludG9zaCBIRDpVc2VyczoAZW5ld2UxMDE6AHJlZnM6AGthemFpIDIwMTMucGRmAA4AHgAOAGsAYQB6AGEAaQAgADIAMAAxADMALgBwAGQAZgAPABoADABNAGEAYwBpAG4AdABvAHMAaAAgAEgARAASACJVc2Vycy9lbmV3ZTEwMS9yZWZzL2themFpIDIwMTMucGRmABMAAS8AABUAAgAP//8AANIbHB0eWiRjbGFzc25hbWVYJGNsYXNzZXNdTlNNdXRhYmxlRGF0YaMdHyBWTlNEYXRhWE5TT2JqZWN00hscIiNcTlNEaWN0aW9uYXJ5oiIgXxAPTlNLZXllZEFyY2hpdmVy0SYnVHJvb3SAAQAIABEAGgAjAC0AMgA3AEAARgBNAFQAXABnAGkAbABuAHAAcwB1AHcAhACOALMAuADAAMICOAI9AkgCUQJfAmMCagJzAngChQKIApoCnQKiAAAAAAAAAgEAAAAAAAAAKAAAAAAAAAAAAAAAAAAAAqQ=}}

@inproceedings{jain2009role,
	Author = {Jain, Shaili and Parkes, David C},
	Booktitle = {Proceedings of the ACM SIGKDD Workshop on Human Computation},
	Date-Added = {2013-09-21 01:13:35 +0000},
	Date-Modified = {2014-05-06 23:10:31 +0000},
	Do-Read = {0},
	Get-Book = {1},
	Organization = {ACM},
	Pages = {58--61},
	Title = {The role of game theory in human computation systems},
	Year = {2009},
	Bdsk-File-1 = {YnBsaXN0MDDUAQIDBAUGJCVYJHZlcnNpb25YJG9iamVjdHNZJGFyY2hpdmVyVCR0b3ASAAGGoKgHCBMUFRYaIVUkbnVsbNMJCgsMDRBWJGNsYXNzV05TLmtleXNaTlMub2JqZWN0c4AHog4PgAKAA6IREoAEgAVccmVsYXRpdmVQYXRoWWFsaWFzRGF0YV8QIS4uLy4uLy4uLy4uLy4uL3JlZnMvamFpbiAyMDA5LnBkZtIJFxgZV05TLmRhdGGABk8RAXAAAAAAAXAAAgAADE1hY2ludG9zaCBIRAAAAAAAAAAAAAAAAAAAAMjC8XdIKwAAAnPsHg1qYWluIDIwMDkucGRmAAAAAAAAAAAAAAAAAAAAAAAAAAAAAAAAAAAAAAAAAAAAAAAAAAAAAAAAAAAAAAAAAAACg1ygzmJq4VBERiAAAAAAAAUAAgAACSAAAAAAAAAAAAAAAAAAAAAEcmVmcwAQAAgAAMjDKbcAAAARAAgAAM5ioyEAAAABAAwCc+weAgKtKAAAlkIAAgAxTWFjaW50b3NoIEhEOlVzZXJzOgBlbmV3ZTEwMToAcmVmczoAamFpbiAyMDA5LnBkZgAADgAcAA0AagBhAGkAbgAgADIAMAAwADkALgBwAGQAZgAPABoADABNAGEAYwBpAG4AdABvAHMAaAAgAEgARAASACFVc2Vycy9lbmV3ZTEwMS9yZWZzL2phaW4gMjAwOS5wZGYAABMAAS8AABUAAgAP//8AANIbHB0eWiRjbGFzc25hbWVYJGNsYXNzZXNdTlNNdXRhYmxlRGF0YaMdHyBWTlNEYXRhWE5TT2JqZWN00hscIiNcTlNEaWN0aW9uYXJ5oiIgXxAPTlNLZXllZEFyY2hpdmVy0SYnVHJvb3SAAQAIABEAGgAjAC0AMgA3AEAARgBNAFQAXABnAGkAbABuAHAAcwB1AHcAhACOALIAtwC/AMECNQI6AkUCTgJcAmACZwJwAnUCggKFApcCmgKfAAAAAAAAAgEAAAAAAAAAKAAAAAAAAAAAAAAAAAAAAqE=}}

@inproceedings{horton2010labor,
	Author = {Horton, John Joseph and Chilton, Lydia B},
	Booktitle = {Proceedings of the 11th ACM conference on Electronic commerce},
	Date-Added = {2013-09-21 01:11:50 +0000},
	Date-Modified = {2015-01-29 18:03:43 +0000},
	Do-Read = {0},
	Get-Book = {1},
	Organization = {ACM},
	Pages = {209--218},
	Title = {The labor economics of paid crowdsourcing},
	Year = {2010},
	Bdsk-File-1 = {YnBsaXN0MDDUAQIDBAUGJCVYJHZlcnNpb25YJG9iamVjdHNZJGFyY2hpdmVyVCR0b3ASAAGGoKgHCBMUFRYaIVUkbnVsbNMJCgsMDRBWJGNsYXNzV05TLmtleXNaTlMub2JqZWN0c4AHog4PgAKAA6IREoAEgAVccmVsYXRpdmVQYXRoWWFsaWFzRGF0YV8QIy4uLy4uLy4uLy4uLy4uL3JlZnMvaG9ydG9uIDIwMTAucGRm0gkXGBlXTlMuZGF0YYAGTxEBeAAAAAABeAACAAAMTWFjaW50b3NoIEhEAAAAAAAAAAAAAAAAAAAAyMLxd0grAAACc+weD2hvcnRvbiAyMDEwLnBkZgAAAAAAAAAAAAAAAAAAAAAAAAAAAAAAAAAAAAAAAAAAAAAAAAAAAAAAAAAAAAAAAAKDD1XOYmq2UERGIAAAAAAABQACAAAJIAAAAAAAAAAAAAAAAAAAAARyZWZzABAACAAAyMMptwAAABEACAAAzmKi9gAAAAEADAJz7B4CAq0oAACWQgACADNNYWNpbnRvc2ggSEQ6VXNlcnM6AGVuZXdlMTAxOgByZWZzOgBob3J0b24gMjAxMC5wZGYAAA4AIAAPAGgAbwByAHQAbwBuACAAMgAwADEAMAAuAHAAZABmAA8AGgAMAE0AYQBjAGkAbgB0AG8AcwBoACAASABEABIAI1VzZXJzL2VuZXdlMTAxL3JlZnMvaG9ydG9uIDIwMTAucGRmAAATAAEvAAAVAAIAD///AADSGxwdHlokY2xhc3NuYW1lWCRjbGFzc2VzXU5TTXV0YWJsZURhdGGjHR8gVk5TRGF0YVhOU09iamVjdNIbHCIjXE5TRGljdGlvbmFyeaIiIF8QD05TS2V5ZWRBcmNoaXZlctEmJ1Ryb290gAEACAARABoAIwAtADIANwBAAEYATQBUAFwAZwBpAGwAbgBwAHMAdQB3AIQAjgC0ALkAwQDDAj8CRAJPAlgCZgJqAnECegJ/AowCjwKhAqQCqQAAAAAAAAIBAAAAAAAAACgAAAAAAAAAAAAAAAAAAAKr}}

@article{halfaker2013rise,
	Author = {Halfaker, Aaron and Geiger, R Stuart and Morgan, Jonathan T and Riedl, John},
	Date-Added = {2013-09-19 17:18:39 +0000},
	Date-Modified = {2014-05-06 23:10:33 +0000},
	Do-Read = {0},
	Get-Book = {1},
	Journal = {American Behavioral Scientist},
	Number = {5},
	Pages = {664--688},
	Publisher = {SAGE Publications},
	Title = {The Rise and Decline of an Open Collaboration System How Wikipedias Reaction to Popularity Is Causing Its Decline},
	Volume = {57},
	Year = {2013},
	Bdsk-File-1 = {YnBsaXN0MDDUAQIDBAUGJCVYJHZlcnNpb25YJG9iamVjdHNZJGFyY2hpdmVyVCR0b3ASAAGGoKgHCBMUFRYaIVUkbnVsbNMJCgsMDRBWJGNsYXNzV05TLmtleXNaTlMub2JqZWN0c4AHog4PgAKAA6IREoAEgAVccmVsYXRpdmVQYXRoWWFsaWFzRGF0YV8QJS4uLy4uLy4uLy4uLy4uL3JlZnMvaGFsZmFrZXIgMjAxMy5wZGbSCRcYGVdOUy5kYXRhgAZPEQGAAAAAAAGAAAIAAAxNYWNpbnRvc2ggSEQAAAAAAAAAAAAAAAAAAADIwvF3SCsAAAJz7B4RaGFsZmFrZXIgMjAxMy5wZGYAAAAAAAAAAAAAAAAAAAAAAAAAAAAAAAAAAAAAAAAAAAAAAAAAAAAAAAAAAAAAAoKtW85gqcEAAAAAAAAAAAAFAAIAAAkgAAAAAAAAAAAAAAAAAAAABHJlZnMAEAAIAADIwym3AAAAEQAIAADOYOIBAAAAAQAMAnPsHgICrSgAAJZCAAIANU1hY2ludG9zaCBIRDpVc2VyczoAZW5ld2UxMDE6AHJlZnM6AGhhbGZha2VyIDIwMTMucGRmAAAOACQAEQBoAGEAbABmAGEAawBlAHIAIAAyADAAMQAzAC4AcABkAGYADwAaAAwATQBhAGMAaQBuAHQAbwBzAGgAIABIAEQAEgAlVXNlcnMvZW5ld2UxMDEvcmVmcy9oYWxmYWtlciAyMDEzLnBkZgAAEwABLwAAFQACAA///wAA0hscHR5aJGNsYXNzbmFtZVgkY2xhc3Nlc11OU011dGFibGVEYXRhox0fIFZOU0RhdGFYTlNPYmplY3TSGxwiI1xOU0RpY3Rpb25hcnmiIiBfEA9OU0tleWVkQXJjaGl2ZXLRJidUcm9vdIABAAgAEQAaACMALQAyADcAQABGAE0AVABcAGcAaQBsAG4AcABzAHUAdwCEAI4AtgC7AMMAxQJJAk4CWQJiAnACdAJ7AoQCiQKWApkCqwKuArMAAAAAAAACAQAAAAAAAAAoAAAAAAAAAAAAAAAAAAACtQ==}}
