%% This BibTeX bibliography file was created using BibDesk.
%% http://bibdesk.sourceforge.net/


%% Created for Edward Newell at 2014-04-09 15:12:52 -0400 


%% Saved with string encoding Unicode (UTF-8) 



@article{de2008negative,
	Author = {De Zubicaray, Greig I and McMahon, Katie L and Eastburn, Mathew M and Pringle, Alan J},
	Date-Added = {2014-04-09 18:50:17 +0000},
	Date-Modified = {2014-04-09 18:50:17 +0000},
	Journal = {cortex},
	Number = {7},
	Pages = {881--889},
	Publisher = {Elsevier},
	Title = {Negative priming in naming of categorically related objects: An fMRI study},
	Volume = {44},
	Year = {2008}}

@article{versace2001negative,
	Author = {Versace, R{\'e}my and Allain, Ga{\"e}l},
	Date-Added = {2014-04-09 18:49:24 +0000},
	Date-Modified = {2014-04-09 18:49:24 +0000},
	Journal = {Acta psychologica},
	Number = {1},
	Pages = {73--90},
	Publisher = {Elsevier},
	Title = {Negative priming in a gender decision task and in a semantic categorization task},
	Volume = {108},
	Year = {2001},
	Bdsk-File-1 = {YnBsaXN0MDDUAQIDBAUGJCVYJHZlcnNpb25YJG9iamVjdHNZJGFyY2hpdmVyVCR0b3ASAAGGoKgHCBMUFRYaIVUkbnVsbNMJCgsMDRBWJGNsYXNzV05TLmtleXNaTlMub2JqZWN0c4AHog4PgAKAA6IREoAEgAVccmVsYXRpdmVQYXRoWWFsaWFzRGF0YV8QFC4uL3JlZnMvdmVyc2FjZV8yMDAx0gkXGBlXTlMuZGF0YYAGTxEBqgAAAAABqgACAAAMTWFjaW50b3NoIEhEAAAAAAAAAAAAAAAAAAAAyMLxd0grAAACp4NjDHZlcnNhY2VfMjAwMQAAAAAAAAAAAAAAAAAAAAAAAAAAAAAAAAAAAAAAAAAAAAAAAAAAAAAAAAAAAAAAAAAAAAKng1rPalQAAAAAAAAAAAAAAQACAAAJIAAAAAAAAAAAAAAAAAAAAARyZWZzABAACAAAyMMptwAAABEACAAAz2qMQAAAAAEAGAKng2MCpSBlAqGrKQITpQoCAq0oAACWQgACAEtNYWNpbnRvc2ggSEQ6VXNlcnM6AGVuZXdlMTAxOgBwcm9qZWN0czoAaGNvbXAyMDE0OgBkb2NzOgByZWZzOgB2ZXJzYWNlXzIwMDEAAA4AGgAMAHYAZQByAHMAYQBjAGUAXwAyADAAMAAxAA8AGgAMAE0AYQBjAGkAbgB0AG8AcwBoACAASABEABIAOFVzZXJzL2VuZXdlMTAxL3Byb2plY3RzL2hjb21wMjAxNC9kb2NzL3JlZnMvdmVyc2FjZV8yMDAxABMAAS8AABUAAgAP//8AANIbHB0eWiRjbGFzc25hbWVYJGNsYXNzZXNdTlNNdXRhYmxlRGF0YaMdHyBWTlNEYXRhWE5TT2JqZWN00hscIiNcTlNEaWN0aW9uYXJ5oiIgXxAPTlNLZXllZEFyY2hpdmVy0SYnVHJvb3SAAQAIABEAGgAjAC0AMgA3AEAARgBNAFQAXABnAGkAbABuAHAAcwB1AHcAhACOAKUAqgCyALQCYgJnAnICewKJAo0ClAKdAqICrwKyAsQCxwLMAAAAAAAAAgEAAAAAAAAAKAAAAAAAAAAAAAAAAAAAAs4=}}

@article{No2007,
	Author = {Noguera, Carmen; Ortells, Juan J; Abad, Maria, JF; },
	Date-Added = {2014-04-09 18:46:20 +0000},
	Date-Modified = {2014-04-09 18:48:45 +0000},
	Journal = {Acta Psychologica},
	Keywords = {Negative semantic priming; Selective attention},
	Pages = {175-202},
	Title = {Semantic priming effects from single words in a lexical decision task},
	Volume = {125},
	Year = {2007},
	Bdsk-File-1 = {YnBsaXN0MDDUAQIDBAUGJCVYJHZlcnNpb25YJG9iamVjdHNZJGFyY2hpdmVyVCR0b3ASAAGGoKgHCBMUFRYaIVUkbnVsbNMJCgsMDRBWJGNsYXNzV05TLmtleXNaTlMub2JqZWN0c4AHog4PgAKAA6IREoAEgAVccmVsYXRpdmVQYXRoWWFsaWFzRGF0YV8QFC4uL3JlZnMvbm9ndWVyYV8yMDA30gkXGBlXTlMuZGF0YYAGTxEBqgAAAAABqgACAAAMTWFjaW50b3NoIEhEAAAAAAAAAAAAAAAAAAAAyMLxd0grAAACp4NjDG5vZ3VlcmFfMjAwNwAAAAAAAAAAAAAAAAAAAAAAAAAAAAAAAAAAAAAAAAAAAAAAAAAAAAAAAAAAAAAAAAAAAAKng3DPalRCAAAAAAAAAAAAAQACAAAJIAAAAAAAAAAAAAAAAAAAAARyZWZzABAACAAAyMMptwAAABEACAAAz2qMggAAAAEAGAKng2MCpSBlAqGrKQITpQoCAq0oAACWQgACAEtNYWNpbnRvc2ggSEQ6VXNlcnM6AGVuZXdlMTAxOgBwcm9qZWN0czoAaGNvbXAyMDE0OgBkb2NzOgByZWZzOgBub2d1ZXJhXzIwMDcAAA4AGgAMAG4AbwBnAHUAZQByAGEAXwAyADAAMAA3AA8AGgAMAE0AYQBjAGkAbgB0AG8AcwBoACAASABEABIAOFVzZXJzL2VuZXdlMTAxL3Byb2plY3RzL2hjb21wMjAxNC9kb2NzL3JlZnMvbm9ndWVyYV8yMDA3ABMAAS8AABUAAgAP//8AANIbHB0eWiRjbGFzc25hbWVYJGNsYXNzZXNdTlNNdXRhYmxlRGF0YaMdHyBWTlNEYXRhWE5TT2JqZWN00hscIiNcTlNEaWN0aW9uYXJ5oiIgXxAPTlNLZXllZEFyY2hpdmVy0SYnVHJvb3SAAQAIABEAGgAjAC0AMgA3AEAARgBNAFQAXABnAGkAbABuAHAAcwB1AHcAhACOAKUAqgCyALQCYgJnAnICewKJAo0ClAKdAqICrwKyAsQCxwLMAAAAAAAAAgEAAAAAAAAAKAAAAAAAAAAAAAAAAAAAAs4=}}

@article{mayr2007negative,
	Author = {Mayr, Susanne and Buchner, Axel},
	Date-Added = {2014-04-09 18:45:00 +0000},
	Date-Modified = {2014-04-09 18:45:00 +0000},
	Journal = {Zeitschrift f{\"u}r Psychologie/Journal of Psychology},
	Number = {1},
	Pages = {35},
	Publisher = {Hogrefe \& Huber Publishers},
	Title = {Negative priming as a memory phenomenon: A review of 20 years of negative priming research.},
	Volume = {215},
	Year = {2007},
	Bdsk-File-1 = {YnBsaXN0MDDUAQIDBAUGJCVYJHZlcnNpb25YJG9iamVjdHNZJGFyY2hpdmVyVCR0b3ASAAGGoKgHCBMUFRYaIVUkbnVsbNMJCgsMDRBWJGNsYXNzV05TLmtleXNaTlMub2JqZWN0c4AHog4PgAKAA6IREoAEgAVccmVsYXRpdmVQYXRoWWFsaWFzRGF0YV8QES4uL3JlZnMvbWF5cl8yMDA30gkXGBlXTlMuZGF0YYAGTxEBngAAAAABngACAAAMTWFjaW50b3NoIEhEAAAAAAAAAAAAAAAAAAAAyMLxd0grAAACp4NjCW1heXJfMjAwNwAAAAAAAAAAAAAAAAAAAAAAAAAAAAAAAAAAAAAAAAAAAAAAAAAAAAAAAAAAAAAAAAAAAAAAAAKng5HPalTNAAAAAAAAAAAAAQACAAAJIAAAAAAAAAAAAAAAAAAAAARyZWZzABAACAAAyMMptwAAABEACAAAz2qNDQAAAAEAGAKng2MCpSBlAqGrKQITpQoCAq0oAACWQgACAEhNYWNpbnRvc2ggSEQ6VXNlcnM6AGVuZXdlMTAxOgBwcm9qZWN0czoAaGNvbXAyMDE0OgBkb2NzOgByZWZzOgBtYXlyXzIwMDcADgAUAAkAbQBhAHkAcgBfADIAMAAwADcADwAaAAwATQBhAGMAaQBuAHQAbwBzAGgAIABIAEQAEgA1VXNlcnMvZW5ld2UxMDEvcHJvamVjdHMvaGNvbXAyMDE0L2RvY3MvcmVmcy9tYXlyXzIwMDcAABMAAS8AABUAAgAP//8AANIbHB0eWiRjbGFzc25hbWVYJGNsYXNzZXNdTlNNdXRhYmxlRGF0YaMdHyBWTlNEYXRhWE5TT2JqZWN00hscIiNcTlNEaWN0aW9uYXJ5oiIgXxAPTlNLZXllZEFyY2hpdmVy0SYnVHJvb3SAAQAIABEAGgAjAC0AMgA3AEAARgBNAFQAXABnAGkAbABuAHAAcwB1AHcAhACOAKIApwCvALECUwJYAmMCbAJ6An4ChQKOApMCoAKjArUCuAK9AAAAAAAAAgEAAAAAAAAAKAAAAAAAAAAAAAAAAAAAAr8=}}

@article{chandler2013breaking,
	Author = {Chandler, Dana and Kapelner, Adam},
	Date-Added = {2014-04-09 18:43:34 +0000},
	Date-Modified = {2014-04-09 18:43:34 +0000},
	Journal = {Journal of Economic Behavior \& Organization},
	Pages = {123--133},
	Publisher = {Elsevier},
	Title = {Breaking monotony with meaning: Motivation in crowdsourcing markets},
	Volume = {90},
	Year = {2013},
	Bdsk-File-1 = {YnBsaXN0MDDUAQIDBAUGJCVYJHZlcnNpb25YJG9iamVjdHNZJGFyY2hpdmVyVCR0b3ASAAGGoKgHCBMUFRYaIVUkbnVsbNMJCgsMDRBWJGNsYXNzV05TLmtleXNaTlMub2JqZWN0c4AHog4PgAKAA6IREoAEgAVccmVsYXRpdmVQYXRoWWFsaWFzRGF0YV8QFS4uL3JlZnMvY2hhbmRsZXJfMjAxM9IJFxgZV05TLmRhdGGABk8RAa4AAAAAAa4AAgAADE1hY2ludG9zaCBIRAAAAAAAAAAAAAAAAAAAAMjC8XdIKwAAAqeDYw1jaGFuZGxlcl8yMDEzAAAAAAAAAAAAAAAAAAAAAAAAAAAAAAAAAAAAAAAAAAAAAAAAAAAAAAAAAAAAAAAAAAACp4QZz2pYUgAAAAAAAAAAAAEAAgAACSAAAAAAAAAAAAAAAAAAAAAEcmVmcwAQAAgAAMjDKbcAAAARAAgAAM9qkJIAAAABABgCp4NjAqUgZQKhqykCE6UKAgKtKAAAlkIAAgBMTWFjaW50b3NoIEhEOlVzZXJzOgBlbmV3ZTEwMToAcHJvamVjdHM6AGhjb21wMjAxNDoAZG9jczoAcmVmczoAY2hhbmRsZXJfMjAxMwAOABwADQBjAGgAYQBuAGQAbABlAHIAXwAyADAAMQAzAA8AGgAMAE0AYQBjAGkAbgB0AG8AcwBoACAASABEABIAOVVzZXJzL2VuZXdlMTAxL3Byb2plY3RzL2hjb21wMjAxNC9kb2NzL3JlZnMvY2hhbmRsZXJfMjAxMwAAEwABLwAAFQACAA///wAA0hscHR5aJGNsYXNzbmFtZVgkY2xhc3Nlc11OU011dGFibGVEYXRhox0fIFZOU0RhdGFYTlNPYmplY3TSGxwiI1xOU0RpY3Rpb25hcnmiIiBfEA9OU0tleWVkQXJjaGl2ZXLRJidUcm9vdIABAAgAEQAaACMALQAyADcAQABGAE0AVABcAGcAaQBsAG4AcABzAHUAdwCEAI4ApgCrALMAtQJnAmwCdwKAAo4CkgKZAqICpwK0ArcCyQLMAtEAAAAAAAACAQAAAAAAAAAoAAAAAAAAAAAAAAAAAAAC0w==}}
