%% This BibTeX bibliography file was created using BibDesk.
%% http://bibdesk.sourceforge.net/


%% Created for Edward Newell at 2014-05-06 23:49:04 -0400 


%% Saved with string encoding Unicode (UTF-8) 



@article{Ghuman17062008,
	Abstract = {Repeated exposure to a stimulus facilitates its processing. This is reflected in faster and more accurate identification, reduced perceptual identification thresholds, and more efficient classifications for repeated compared with novel items. Here, we test a hypothesis that this experience-based behavioral facilitation is a result of enhanced communication between distinct cortical regions, which reduces local processing demands. A magnetoencephalographic investigation revealed that repeated object classification led to decreased neural responses in the prefrontal cortex and temporal cortex. Critically, this decrease in absolute activity was accompanied by greater neural synchrony (a measure of functional connectivity) between these regions with repetition. Additionally, the onset of the enhanced interregional synchrony predicted the degree of behavioral facilitation. These findings suggest that object repetition results in enhanced interactions between brain regions, which facilitates performance and reduces processing demands on the regions involved.},
	Author = {Ghuman, Avniel S. and Bar, Moshe and Dobbins, Ian G. and Schnyer, David M.},
	Date-Added = {2014-05-07 02:40:15 +0000},
	Date-Modified = {2014-05-07 02:40:15 +0000},
	Doi = {10.1073/pnas.0710674105},
	Eprint = {http://www.pnas.org/content/105/24/8405.full.pdf+html},
	Journal = {Proceedings of the National Academy of Sciences},
	Number = {24},
	Pages = {8405-8409},
	Title = {The effects of priming on frontal-temporal communication},
	Url = {http://www.pnas.org/content/105/24/8405.abstract},
	Volume = {105},
	Year = {2008},
	Bdsk-Url-1 = {http://www.pnas.org/content/105/24/8405.abstract},
	Bdsk-Url-2 = {http://dx.doi.org/10.1073/pnas.0710674105}}

@article{Swaab200299,
	Author = {Tamara Y. Swaab and Kathleen Baynes and Robert T. Knight},
	Date-Added = {2014-05-07 02:32:18 +0000},
	Date-Modified = {2014-05-07 02:32:18 +0000},
	Doi = {http://dx.doi.org/10.1016/S0926-6410(02)00219-7},
	Issn = {0926-6410},
	Journal = {Cognitive Brain Research},
	Keywords = {\{ERPs\}},
	Note = {Neural Mechanisms of Executive Control in Cognition},
	Number = {1},
	Pages = {99 - 103},
	Title = {Separable effects of priming and imageability on word processing: an \{ERP\} study},
	Url = {http://www.sciencedirect.com/science/article/pii/S0926641002002197},
	Volume = {15},
	Year = {2002},
	Bdsk-Url-1 = {http://www.sciencedirect.com/science/article/pii/S0926641002002197},
	Bdsk-Url-2 = {http://dx.doi.org/10.1016/S0926-6410(02)00219-7}}

@article{beller1971priming,
	Author = {Beller, Henry K},
	Date-Added = {2014-05-07 02:18:47 +0000},
	Date-Modified = {2014-05-07 02:18:47 +0000},
	Journal = {Journal of Experimental Psychology},
	Number = {2},
	Pages = {176},
	Publisher = {American Psychological Association},
	Title = {Priming: Effects of advance information on matching.},
	Volume = {87},
	Year = {1971}}

@article{BJOP:BJOP1826,
	Author = {Kempley, S. T. and Morton, John},
	Date-Added = {2014-05-07 02:07:25 +0000},
	Date-Modified = {2014-05-07 02:07:25 +0000},
	Doi = {10.1111/j.2044-8295.1982.tb01826.x},
	Issn = {2044-8295},
	Journal = {British Journal of Psychology},
	Number = {4},
	Pages = {441--454},
	Publisher = {Blackwell Publishing Ltd},
	Title = {The effects of priming with regularly and irregularly related words in auditory word recognition},
	Url = {http://dx.doi.org/10.1111/j.2044-8295.1982.tb01826.x},
	Volume = {73},
	Year = {1982},
	Bdsk-Url-1 = {http://dx.doi.org/10.1111/j.2044-8295.1982.tb01826.x}}

@article{BJOP:BJOP1796,
	Author = {Warren, Clive and Morton, John},
	Date-Added = {2014-05-07 01:47:38 +0000},
	Date-Modified = {2014-05-07 01:47:38 +0000},
	Doi = {10.1111/j.2044-8295.1982.tb01796.x},
	Issn = {2044-8295},
	Journal = {British Journal of Psychology},
	Number = {1},
	Pages = {117--129},
	Publisher = {Blackwell Publishing Ltd},
	Title = {The effects of priming on picture recognition},
	Url = {http://dx.doi.org/10.1111/j.2044-8295.1982.tb01796.x},
	Volume = {73},
	Year = {1982},
	Bdsk-Url-1 = {http://dx.doi.org/10.1111/j.2044-8295.1982.tb01796.x}}

@conference{Kittur20131301,
	Author = {Kittur, A. and Nickerson, J.V. and Bernstein, M.S. and Gerber, E.M. and Shaw, A. and Zimmerman, J. and Lease, M. and Horton, J.J.},
	Date-Added = {2014-05-07 01:30:09 +0000},
	Date-Modified = {2014-05-07 01:30:09 +0000},
	Document_Type = {Conference Paper},
	Journal = {Proceedings of the ACM Conference on Computer Supported Cooperative Work, CSCW},
	Note = {cited By (since 1996)11},
	Pages = {1301-1317},
	Source = {Scopus},
	Title = {The future of crowd work},
	Url = {http://www.scopus.com/inward/record.url?eid=2-s2.0-84874886217&partnerID=40&md5=5e394b6ac02f6eb11cb8ab6ea6b86ec4},
	Year = {2013},
	Bdsk-Url-1 = {http://www.scopus.com/inward/record.url?eid=2-s2.0-84874886217&partnerID=40&md5=5e394b6ac02f6eb11cb8ab6ea6b86ec4}}

@conference{Finnerty2013,
	Art_Number = {14},
	Author = {Finnerty, A. and Kucherbaev, P. and Tranquillini, S. and Convertino, G.},
	Date-Added = {2014-05-07 01:13:28 +0000},
	Date-Modified = {2014-05-07 01:13:28 +0000},
	Document_Type = {Conference Paper},
	Journal = {ACM International Conference Proceeding Series},
	Note = {cited By (since 1996)0},
	Source = {Scopus},
	Title = {Keep it simple: Reward and task design in crowdsourcing},
	Url = {http://www.scopus.com/inward/record.url?eid=2-s2.0-84886404918&partnerID=40&md5=f325200e754c7d39ad816247bf51b814},
	Year = {2013},
	Bdsk-Url-1 = {http://www.scopus.com/inward/record.url?eid=2-s2.0-84886404918&partnerID=40&md5=f325200e754c7d39ad816247bf51b814}}

@conference{Zhai2012357,
	Art_Number = {6360130},
	Author = {Zhai, Z. and Kijewski-Correa, T. and Hachen, D. and Madey, G.},
	Date-Added = {2014-05-07 01:11:47 +0000},
	Date-Modified = {2014-05-07 01:12:02 +0000},
	Do-Read = {1},
	Document_Type = {Conference Paper},
	Journal = {7th International Conference on Digital Information Management, ICDIM 2012},
	Note = {cited By (since 1996)0},
	Pages = {357-364},
	Source = {Scopus},
	Title = {Haiti earthquake photo tagging: Lessons on crowdsourcing in-depth image classifications},
	Url = {http://www.scopus.com/inward/record.url?eid=2-s2.0-84871535297&partnerID=40&md5=10e5564c841aca5ac5ffc4a1abf8a33f},
	Year = {2012},
	Bdsk-Url-1 = {http://www.scopus.com/inward/record.url?eid=2-s2.0-84871535297&partnerID=40&md5=10e5564c841aca5ac5ffc4a1abf8a33f},
	Bdsk-File-1 = {YnBsaXN0MDDUAQIDBAUGJCVYJHZlcnNpb25YJG9iamVjdHNZJGFyY2hpdmVyVCR0b3ASAAGGoKgHCBMUFRYaIVUkbnVsbNMJCgsMDRBWJGNsYXNzV05TLmtleXNaTlMub2JqZWN0c4AHog4PgAKAA6IREoAEgAVccmVsYXRpdmVQYXRoWWFsaWFzRGF0YV8QHC4uLy4uLy4uLy4uL3JlZnMvemhpMjAxMi5wZGbSCRcYGVdOUy5kYXRhgAZPEQFoAAAAAAFoAAIAAAxNYWNpbnRvc2ggSEQAAAAAAAAAAAAAAAAAAADIwvF3SCsAAAJz7B4LemhpMjAxMi5wZGYAAAAAAAAAAAAAAAAAAAAAAAAAAAAAAAAAAAAAAAAAAAAAAAAAAAAAAAAAAAAAAAAAAAAAAqt8V8+PADQAAAAAAAAAAAAEAAIAAAkgAAAAAAAAAAAAAAAAAAAABHJlZnMAEAAIAADIwym3AAAAEQAIAADPjzh0AAAAAQAMAnPsHgICrSgAAJZCAAIAL01hY2ludG9zaCBIRDpVc2VyczoAZW5ld2UxMDE6AHJlZnM6AHpoaTIwMTIucGRmAAAOABgACwB6AGgAaQAyADAAMQAyAC4AcABkAGYADwAaAAwATQBhAGMAaQBuAHQAbwBzAGgAIABIAEQAEgAfVXNlcnMvZW5ld2UxMDEvcmVmcy96aGkyMDEyLnBkZgAAEwABLwAAFQACAA///wAA0hscHR5aJGNsYXNzbmFtZVgkY2xhc3Nlc11OU011dGFibGVEYXRhox0fIFZOU0RhdGFYTlNPYmplY3TSGxwiI1xOU0RpY3Rpb25hcnmiIiBfEA9OU0tleWVkQXJjaGl2ZXLRJidUcm9vdIABAAgAEQAaACMALQAyADcAQABGAE0AVABcAGcAaQBsAG4AcABzAHUAdwCEAI4ArQCyALoAvAIoAi0COAJBAk8CUwJaAmMCaAJ1AngCigKNApIAAAAAAAACAQAAAAAAAAAoAAAAAAAAAAAAAAAAAAAClA==}}

@conference{Kinnaird2012281,
	Author = {Kinnaird, P. and Dabbish, L. and Kiesler, S.},
	Date-Added = {2014-05-07 01:06:46 +0000},
	Date-Modified = {2014-05-07 01:06:46 +0000},
	Document_Type = {Conference Paper},
	Journal = {GROUP'12 - Proceedings of the ACM 2012 International Conference on Support Group Work},
	Note = {cited By (since 1996)0},
	Pages = {281-284},
	Source = {Scopus},
	Title = {Workflow transparency in a microtask marketplace},
	Url = {http://www.scopus.com/inward/record.url?eid=2-s2.0-84870284051&partnerID=40&md5=aca80282195ef2f93ba6d4bfc1bcac7b},
	Year = {2012},
	Bdsk-Url-1 = {http://www.scopus.com/inward/record.url?eid=2-s2.0-84870284051&partnerID=40&md5=aca80282195ef2f93ba6d4bfc1bcac7b}}

@inproceedings{Xiao2013,
	Author = { Xiao, Y; Zhang, Yu; Van Der Schaar, Mihaela},
	Booktitle = {ICASSP, IEEE International Conference on Acoustics, Speech and Signal Processing},
	Date-Added = {2014-05-07 00:33:40 +0000},
	Date-Modified = {2014-05-07 00:39:08 +0000},
	Month = {October},
	Pages = {5263-5267},
	Title = {Socially-optimal design of crowdsourcing platforms with reputation update errors},
	Year = {2013}}

@inproceedings{le2010ensuring,
	Author = {Le, John and Edmonds, Andy and Hester, Vaughn and Biewald, Lukas},
	Booktitle = {SIGIR 2010 workshop on crowdsourcing for search evaluation},
	Date-Added = {2014-05-06 23:08:16 +0000},
	Date-Modified = {2014-05-06 23:10:30 +0000},
	Do-Read = {1},
	Get-Book = {1},
	Pages = {21--26},
	Title = {Ensuring quality in crowdsourced search relevance evaluation: The effects of training question distribution},
	Year = {2010},
	Bdsk-File-1 = {YnBsaXN0MDDUAQIDBAUGJCVYJHZlcnNpb25YJG9iamVjdHNZJGFyY2hpdmVyVCR0b3ASAAGGoKgHCBMUFRYaIVUkbnVsbNMJCgsMDRBWJGNsYXNzV05TLmtleXNaTlMub2JqZWN0c4AHog4PgAKAA6IREoAEgAVccmVsYXRpdmVQYXRoWWFsaWFzRGF0YV8QGy4uLy4uLy4uLy4uL3JlZnMvbGUyMDEwLnBkZtIJFxgZV05TLmRhdGGABk8RAWIAAAAAAWIAAgAADE1hY2ludG9zaCBIRAAAAAAAAAAAAAAAAAAAAMjC8XdIKwAAAnPsHgpsZTIwMTAucGRmAAAAAAAAAAAAAAAAAAAAAAAAAAAAAAAAAAAAAAAAAAAAAAAAAAAAAAAAAAAAAAAAAAAAAAACq3mJz47jsAAAAAAAAAAAAAQAAgAACSAAAAAAAAAAAAAAAAAAAAAEcmVmcwAQAAgAAMjDKbcAAAARAAgAAM+PG/AAAAABAAwCc+weAgKtKAAAlkIAAgAuTWFjaW50b3NoIEhEOlVzZXJzOgBlbmV3ZTEwMToAcmVmczoAbGUyMDEwLnBkZgAOABYACgBsAGUAMgAwADEAMAAuAHAAZABmAA8AGgAMAE0AYQBjAGkAbgB0AG8AcwBoACAASABEABIAHlVzZXJzL2VuZXdlMTAxL3JlZnMvbGUyMDEwLnBkZgATAAEvAAAVAAIAD///AADSGxwdHlokY2xhc3NuYW1lWCRjbGFzc2VzXU5TTXV0YWJsZURhdGGjHR8gVk5TRGF0YVhOU09iamVjdNIbHCIjXE5TRGljdGlvbmFyeaIiIF8QD05TS2V5ZWRBcmNoaXZlctEmJ1Ryb290gAEACAARABoAIwAtADIANwBAAEYATQBUAFwAZwBpAGwAbgBwAHMAdQB3AIQAjgCsALEAuQC7AiECJgIxAjoCSAJMAlMCXAJhAm4CcQKDAoYCiwAAAAAAAAIBAAAAAAAAACgAAAAAAAAAAAAAAAAAAAKN}}

@inproceedings{snow2008cheap,
	Author = {Snow, Rion and O'Connor, Brendan and Jurafsky, Daniel and Ng, Andrew Y},
	Booktitle = {Proceedings of the conference on empirical methods in natural language processing},
	Date-Added = {2014-05-06 22:59:08 +0000},
	Date-Modified = {2014-05-06 22:59:08 +0000},
	Organization = {Association for Computational Linguistics},
	Pages = {254--263},
	Title = {Cheap and fast---but is it good?: evaluating non-expert annotations for natural language tasks},
	Year = {2008},
	Bdsk-File-1 = {YnBsaXN0MDDUAQIDBAUGJCVYJHZlcnNpb25YJG9iamVjdHNZJGFyY2hpdmVyVCR0b3ASAAGGoKgHCBMUFRYaIVUkbnVsbNMJCgsMDRBWJGNsYXNzV05TLmtleXNaTlMub2JqZWN0c4AHog4PgAKAA6IREoAEgAVccmVsYXRpdmVQYXRoWWFsaWFzRGF0YV8QHS4uLy4uLy4uLy4uL3JlZnMvc25vdzIwMDgucGRm0gkXGBlXTlMuZGF0YYAGTxEBagAAAAABagACAAAMTWFjaW50b3NoIEhEAAAAAAAAAAAAAAAAAAAAyMLxd0grAAACc+weDHNub3cyMDA4LnBkZgAAAAAAAAAAAAAAAAAAAAAAAAAAAAAAAAAAAAAAAAAAAAAAAAAAAAAAAAAAAAAAAAAAAAKreWPPjuIWAAAAAAAAAAAABAACAAAJIAAAAAAAAAAAAAAAAAAAAARyZWZzABAACAAAyMMptwAAABEACAAAz48aVgAAAAEADAJz7B4CAq0oAACWQgACADBNYWNpbnRvc2ggSEQ6VXNlcnM6AGVuZXdlMTAxOgByZWZzOgBzbm93MjAwOC5wZGYADgAaAAwAcwBuAG8AdwAyADAAMAA4AC4AcABkAGYADwAaAAwATQBhAGMAaQBuAHQAbwBzAGgAIABIAEQAEgAgVXNlcnMvZW5ld2UxMDEvcmVmcy9zbm93MjAwOC5wZGYAEwABLwAAFQACAA///wAA0hscHR5aJGNsYXNzbmFtZVgkY2xhc3Nlc11OU011dGFibGVEYXRhox0fIFZOU0RhdGFYTlNPYmplY3TSGxwiI1xOU0RpY3Rpb25hcnmiIiBfEA9OU0tleWVkQXJjaGl2ZXLRJidUcm9vdIABAAgAEQAaACMALQAyADcAQABGAE0AVABcAGcAaQBsAG4AcABzAHUAdwCEAI4ArgCzALsAvQIrAjACOwJEAlICVgJdAmYCawJ4AnsCjQKQApUAAAAAAAACAQAAAAAAAAAoAAAAAAAAAAAAAAAAAAAClw==}}

@article{paolacci2010running,
	Author = {Paolacci, Gabriele and Chandler, Jesse and Ipeirotis, Panagiotis G},
	Date-Added = {2014-05-06 20:34:58 +0000},
	Date-Modified = {2014-05-06 20:34:58 +0000},
	Journal = {Judgment and Decision making},
	Number = {5},
	Pages = {411--419},
	Title = {Running experiments on amazon mechanical turk},
	Volume = {5},
	Year = {2010},
	Bdsk-File-1 = {YnBsaXN0MDDUAQIDBAUGJCVYJHZlcnNpb25YJG9iamVjdHNZJGFyY2hpdmVyVCR0b3ASAAGGoKgHCBMUFRYaIVUkbnVsbNMJCgsMDRBWJGNsYXNzV05TLmtleXNaTlMub2JqZWN0c4AHog4PgAKAA6IREoAEgAVccmVsYXRpdmVQYXRoWWFsaWFzRGF0YV8QIi4uLy4uLy4uLy4uL3JlZnMvcGFvbGFjY2kgMjAxMC5wZGbSCRcYGVdOUy5kYXRhgAZPEQGAAAAAAAGAAAIAAAxNYWNpbnRvc2ggSEQAAAAAAAAAAAAAAAAAAADIwvF3SCsAAAJz7B4RcGFvbGFjY2kgMjAxMC5wZGYAAAAAAAAAAAAAAAAAAAAAAAAAAAAAAAAAAAAAAAAAAAAAAAAAAAAAAAAAAAAAAqt4zc+Ov2oAAAAAAAAAAAAEAAIAAAkgAAAAAAAAAAAAAAAAAAAABHJlZnMAEAAIAADIwym3AAAAEQAIAADPjveqAAAAAQAMAnPsHgICrSgAAJZCAAIANU1hY2ludG9zaCBIRDpVc2VyczoAZW5ld2UxMDE6AHJlZnM6AHBhb2xhY2NpIDIwMTAucGRmAAAOACQAEQBwAGEAbwBsAGEAYwBjAGkAIAAyADAAMQAwAC4AcABkAGYADwAaAAwATQBhAGMAaQBuAHQAbwBzAGgAIABIAEQAEgAlVXNlcnMvZW5ld2UxMDEvcmVmcy9wYW9sYWNjaSAyMDEwLnBkZgAAEwABLwAAFQACAA///wAA0hscHR5aJGNsYXNzbmFtZVgkY2xhc3Nlc11OU011dGFibGVEYXRhox0fIFZOU0RhdGFYTlNPYmplY3TSGxwiI1xOU0RpY3Rpb25hcnmiIiBfEA9OU0tleWVkQXJjaGl2ZXLRJidUcm9vdIABAAgAEQAaACMALQAyADcAQABGAE0AVABcAGcAaQBsAG4AcABzAHUAdwCEAI4AswC4AMAAwgJGAksCVgJfAm0CcQJ4AoEChgKTApYCqAKrArAAAAAAAAACAQAAAAAAAAAoAAAAAAAAAAAAAAAAAAACsg==}}

@inproceedings{lease2011quality,
	Author = {Lease, Matthew},
	Booktitle = {Human Computation},
	Date-Added = {2014-05-06 20:19:11 +0000},
	Date-Modified = {2014-05-06 20:19:11 +0000},
	Title = {On Quality Control and Machine Learning in Crowdsourcing.},
	Year = {2011},
	Bdsk-File-1 = {YnBsaXN0MDDUAQIDBAUGJCVYJHZlcnNpb25YJG9iamVjdHNZJGFyY2hpdmVyVCR0b3ASAAGGoKgHCBMUFRYaIVUkbnVsbNMJCgsMDRBWJGNsYXNzV05TLmtleXNaTlMub2JqZWN0c4AHog4PgAKAA6IREoAEgAVccmVsYXRpdmVQYXRoWWFsaWFzRGF0YV8QHy4uLy4uLy4uLy4uL3JlZnMvTGVhc2UgMjAxMS5wZGbSCRcYGVdOUy5kYXRhgAZPEQFyAAAAAAFyAAIAAAxNYWNpbnRvc2ggSEQAAAAAAAAAAAAAAAAAAADIwvF3SCsAAAJz7B4OTGVhc2UgMjAxMS5wZGYAAAAAAAAAAAAAAAAAAAAAAAAAAAAAAAAAAAAAAAAAAAAAAAAAAAAAAAAAAAAAAAAAAqt4lc+OvBEAAAAAAAAAAAAEAAIAAAkgAAAAAAAAAAAAAAAAAAAABHJlZnMAEAAIAADIwym3AAAAEQAIAADPjvRRAAAAAQAMAnPsHgICrSgAAJZCAAIAMk1hY2ludG9zaCBIRDpVc2VyczoAZW5ld2UxMDE6AHJlZnM6AExlYXNlIDIwMTEucGRmAA4AHgAOAEwAZQBhAHMAZQAgADIAMAAxADEALgBwAGQAZgAPABoADABNAGEAYwBpAG4AdABvAHMAaAAgAEgARAASACJVc2Vycy9lbmV3ZTEwMS9yZWZzL0xlYXNlIDIwMTEucGRmABMAAS8AABUAAgAP//8AANIbHB0eWiRjbGFzc25hbWVYJGNsYXNzZXNdTlNNdXRhYmxlRGF0YaMdHyBWTlNEYXRhWE5TT2JqZWN00hscIiNcTlNEaWN0aW9uYXJ5oiIgXxAPTlNLZXllZEFyY2hpdmVy0SYnVHJvb3SAAQAIABEAGgAjAC0AMgA3AEAARgBNAFQAXABnAGkAbABuAHAAcwB1AHcAhACOALAAtQC9AL8CNQI6AkUCTgJcAmACZwJwAnUCggKFApcCmgKfAAAAAAAAAgEAAAAAAAAAKAAAAAAAAAAAAAAAAAAAAqE=}}

@inproceedings{grady2010crowdsourcing,
	Author = {Grady, Catherine and Lease, Matthew},
	Booktitle = {Proceedings of the NAACL HLT 2010 workshop on creating speech and language data with Amazon's mechanical turk},
	Date-Added = {2014-05-06 20:13:42 +0000},
	Date-Modified = {2014-05-06 20:13:42 +0000},
	Organization = {Association for Computational Linguistics},
	Pages = {172--179},
	Title = {Crowdsourcing document relevance assessment with Mechanical Turk},
	Year = {2010},
	Bdsk-File-1 = {YnBsaXN0MDDUAQIDBAUGJCVYJHZlcnNpb25YJG9iamVjdHNZJGFyY2hpdmVyVCR0b3ASAAGGoKgHCBMUFRYaIVUkbnVsbNMJCgsMDRBWJGNsYXNzV05TLmtleXNaTlMub2JqZWN0c4AHog4PgAKAA6IREoAEgAVccmVsYXRpdmVQYXRoWWFsaWFzRGF0YV8QHy4uLy4uLy4uLy4uL3JlZnMvZ3JhZHkgMjAxMC5wZGbSCRcYGVdOUy5kYXRhgAZPEQFyAAAAAAFyAAIAAAxNYWNpbnRvc2ggSEQAAAAAAAAAAAAAAAAAAADIwvF3SCsAAAJz7B4OZ3JhZHkgMjAxMC5wZGYAAAAAAAAAAAAAAAAAAAAAAAAAAAAAAAAAAAAAAAAAAAAAAAAAAAAAAAAAAAAAAAAAAqt4bs+OuuIAAAAAAAAAAAAEAAIAAAkgAAAAAAAAAAAAAAAAAAAABHJlZnMAEAAIAADIwym3AAAAEQAIAADPjvMiAAAAAQAMAnPsHgICrSgAAJZCAAIAMk1hY2ludG9zaCBIRDpVc2VyczoAZW5ld2UxMDE6AHJlZnM6AGdyYWR5IDIwMTAucGRmAA4AHgAOAGcAcgBhAGQAeQAgADIAMAAxADAALgBwAGQAZgAPABoADABNAGEAYwBpAG4AdABvAHMAaAAgAEgARAASACJVc2Vycy9lbmV3ZTEwMS9yZWZzL2dyYWR5IDIwMTAucGRmABMAAS8AABUAAgAP//8AANIbHB0eWiRjbGFzc25hbWVYJGNsYXNzZXNdTlNNdXRhYmxlRGF0YaMdHyBWTlNEYXRhWE5TT2JqZWN00hscIiNcTlNEaWN0aW9uYXJ5oiIgXxAPTlNLZXllZEFyY2hpdmVy0SYnVHJvb3SAAQAIABEAGgAjAC0AMgA3AEAARgBNAFQAXABnAGkAbABuAHAAcwB1AHcAhACOALAAtQC9AL8CNQI6AkUCTgJcAmACZwJwAnUCggKFApcCmgKfAAAAAAAAAgEAAAAAAAAAKAAAAAAAAAAAAAAAAAAAAqE=}}

@inproceedings{alonso2009can,
	Author = {Alonso, Omar and Mizzaro, Stefano},
	Booktitle = {Proceedings of the SIGIR 2009 Workshop on the Future of IR Evaluation},
	Date-Added = {2014-05-06 20:11:30 +0000},
	Date-Modified = {2014-05-06 20:11:30 +0000},
	Pages = {15--16},
	Title = {Can we get rid of TREC assessors? Using Mechanical Turk for relevance assessment},
	Year = {2009},
	Bdsk-File-1 = {YnBsaXN0MDDUAQIDBAUGJCVYJHZlcnNpb25YJG9iamVjdHNZJGFyY2hpdmVyVCR0b3ASAAGGoKgHCBMUFRYaIVUkbnVsbNMJCgsMDRBWJGNsYXNzV05TLmtleXNaTlMub2JqZWN0c4AHog4PgAKAA6IREoAEgAVccmVsYXRpdmVQYXRoWWFsaWFzRGF0YV8QIC4uLy4uLy4uLy4uL3JlZnMvYWxvbnpvIDIwMDkucGRm0gkXGBlXTlMuZGF0YYAGTxEBeAAAAAABeAACAAAMTWFjaW50b3NoIEhEAAAAAAAAAAAAAAAAAAAAyMLxd0grAAACc+weD2Fsb256byAyMDA5LnBkZgAAAAAAAAAAAAAAAAAAAAAAAAAAAAAAAAAAAAAAAAAAAAAAAAAAAAAAAAAAAAAAAAKreEjPjrpTAAAAAAAAAAAABAACAAAJIAAAAAAAAAAAAAAAAAAAAARyZWZzABAACAAAyMMptwAAABEACAAAz47ykwAAAAEADAJz7B4CAq0oAACWQgACADNNYWNpbnRvc2ggSEQ6VXNlcnM6AGVuZXdlMTAxOgByZWZzOgBhbG9uem8gMjAwOS5wZGYAAA4AIAAPAGEAbABvAG4AegBvACAAMgAwADAAOQAuAHAAZABmAA8AGgAMAE0AYQBjAGkAbgB0AG8AcwBoACAASABEABIAI1VzZXJzL2VuZXdlMTAxL3JlZnMvYWxvbnpvIDIwMDkucGRmAAATAAEvAAAVAAIAD///AADSGxwdHlokY2xhc3NuYW1lWCRjbGFzc2VzXU5TTXV0YWJsZURhdGGjHR8gVk5TRGF0YVhOU09iamVjdNIbHCIjXE5TRGljdGlvbmFyeaIiIF8QD05TS2V5ZWRBcmNoaXZlctEmJ1Ryb290gAEACAARABoAIwAtADIANwBAAEYATQBUAFwAZwBpAGwAbgBwAHMAdQB3AIQAjgCxALYAvgDAAjwCQQJMAlUCYwJnAm4CdwJ8AokCjAKeAqECpgAAAAAAAAIBAAAAAAAAACgAAAAAAAAAAAAAAAAAAAKo}}

@article{marsden2009crowdsourcing,
	Author = {Marsden, Paul},
	Date-Added = {2014-05-06 20:09:50 +0000},
	Date-Modified = {2014-05-06 20:09:50 +0000},
	Journal = {Contagious Magazine},
	Pages = {24--28},
	Title = {Crowdsourcing},
	Volume = {18},
	Year = {2009}}

@book{howe2008crowdsourcing,
	Author = {Howe, Jeff},
	Date-Added = {2014-05-06 19:57:40 +0000},
	Date-Modified = {2014-05-06 19:57:40 +0000},
	Publisher = {Random House},
	Title = {Crowdsourcing: How the power of the crowd is driving the future of business},
	Year = {2008}}

@inproceedings{von2004labeling,
	Author = {Von Ahn, Luis and Dabbish, Laura},
	Booktitle = {Proceedings of the SIGCHI conference on Human factors in computing systems},
	Date-Added = {2014-05-06 19:48:38 +0000},
	Date-Modified = {2014-05-06 19:48:38 +0000},
	Organization = {ACM},
	Pages = {319--326},
	Title = {Labeling images with a computer game},
	Year = {2004}}

@article{golder2011diurnal,
	Author = {Golder, Scott A and Macy, Michael W},
	Date-Added = {2013-09-24 05:14:54 +0000},
	Date-Modified = {2013-09-24 05:14:54 +0000},
	Journal = {Science},
	Number = {6051},
	Pages = {1878--1881},
	Publisher = {American Association for the Advancement of Science},
	Title = {Diurnal and seasonal mood vary with work, sleep, and daylength across diverse cultures},
	Volume = {333},
	Year = {2011}}

@inproceedings{ghosh2012implementing,
	Author = {Ghosh, Arpita and Hummel, Patrick},
	Booktitle = {Proceedings of the 21st international conference on World Wide Web},
	Date-Added = {2013-09-24 05:03:18 +0000},
	Date-Modified = {2014-05-06 18:50:37 +0000},
	Get-Book = {1},
	Organization = {ACM},
	Pages = {539--548},
	Title = {Implementing optimal outcomes in social computing: a game-theoretic approach},
	Year = {2012}}

@article{kaufman1999emotional,
	Author = {Kaufman, Bruce E},
	Date-Added = {2013-09-24 04:50:40 +0000},
	Date-Modified = {2013-09-24 04:50:40 +0000},
	Journal = {Journal of Economic Behavior \& Organization},
	Number = {2},
	Pages = {135--144},
	Publisher = {Elsevier},
	Title = {Emotional arousal as a source of bounded rationality},
	Volume = {38},
	Year = {1999}}

@book{gigerenzer2002bounded,
	Author = {Gigerenzer, Gerd and Selten, Reinhard},
	Date-Added = {2013-09-24 04:49:05 +0000},
	Date-Modified = {2013-09-24 04:49:05 +0000},
	Publisher = {Mit Press},
	Title = {Bounded rationality: The adaptative toolbox},
	Year = {2002}}

@book{wilkinson1999parallel,
	Author = {Wilkinson, Barry and Allen, C Michael},
	Date-Added = {2013-09-24 04:40:27 +0000},
	Date-Modified = {2013-09-24 04:40:27 +0000},
	Publisher = {Prentice hall New Jersey},
	Title = {Parallel programming},
	Volume = {999},
	Year = {1999}}

@inproceedings{berland2009participatory,
	Author = {Berland, Matthew and Rand, William},
	Booktitle = {ICAART},
	Date-Added = {2013-09-21 03:35:03 +0000},
	Date-Modified = {2014-05-06 23:10:36 +0000},
	Do-Read = {0},
	Pages = {553--557},
	Title = {Participatory Simulation as a Tool for Agent-based Simulation.},
	Year = {2009},
	Bdsk-File-1 = {YnBsaXN0MDDUAQIDBAUGJCVYJHZlcnNpb25YJG9iamVjdHNZJGFyY2hpdmVyVCR0b3ASAAGGoKgHCBMUFRYaIVUkbnVsbNMJCgsMDRBWJGNsYXNzV05TLmtleXNaTlMub2JqZWN0c4AHog4PgAKAA6IREoAEgAVccmVsYXRpdmVQYXRoWWFsaWFzRGF0YV8QIS4uLy4uLy4uLy4uL3JlZnMvYmVybGFuZCAyMDA5LnBkZtIJFxgZV05TLmRhdGGABk8RAXoAAAAAAXoAAgAADE1hY2ludG9zaCBIRAAAAAAAAAAAAAAAAAAAAMjC8XdIKwAAAnPsHhBiZXJsYW5kIDIwMDkucGRmAAAAAAAAAAAAAAAAAAAAAAAAAAAAAAAAAAAAAAAAAAAAAAAAAAAAAAAAAAAAAAACgz6ozmKMLwAAAAAAAAAAAAQAAgAACSAAAAAAAAAAAAAAAAAAAAAEcmVmcwAQAAgAAMjDKbcAAAARAAgAAM5ixG8AAAABAAwCc+weAgKtKAAAlkIAAgA0TWFjaW50b3NoIEhEOlVzZXJzOgBlbmV3ZTEwMToAcmVmczoAYmVybGFuZCAyMDA5LnBkZgAOACIAEABiAGUAcgBsAGEAbgBkACAAMgAwADAAOQAuAHAAZABmAA8AGgAMAE0AYQBjAGkAbgB0AG8AcwBoACAASABEABIAJFVzZXJzL2VuZXdlMTAxL3JlZnMvYmVybGFuZCAyMDA5LnBkZgATAAEvAAAVAAIAD///AADSGxwdHlokY2xhc3NuYW1lWCRjbGFzc2VzXU5TTXV0YWJsZURhdGGjHR8gVk5TRGF0YVhOU09iamVjdNIbHCIjXE5TRGljdGlvbmFyeaIiIF8QD05TS2V5ZWRBcmNoaXZlctEmJ1Ryb290gAEACAARABoAIwAtADIANwBAAEYATQBUAFwAZwBpAGwAbgBwAHMAdQB3AIQAjgCyALcAvwDBAj8CRAJPAlgCZgJqAnECegJ/AowCjwKhAqQCqQAAAAAAAAIBAAAAAAAAACgAAAAAAAAAAAAAAAAAAAKr}}

@inproceedings{panchal2008product,
	Author = {Panchal, Jitesh H and Fathianathan, Mervyn},
	Booktitle = {ASME Design Automation Conference},
	Date-Added = {2013-09-21 03:28:25 +0000},
	Date-Modified = {2014-05-06 23:10:29 +0000},
	Do-Read = {0},
	Get-Book = {1},
	Pages = {3--6},
	Title = {Product realization in the age of mass collaboration},
	Year = {2008},
	Bdsk-File-1 = {YnBsaXN0MDDUAQIDBAUGJCVYJHZlcnNpb25YJG9iamVjdHNZJGFyY2hpdmVyVCR0b3ASAAGGoKgHCBMUFRYaIVUkbnVsbNMJCgsMDRBWJGNsYXNzV05TLmtleXNaTlMub2JqZWN0c4AHog4PgAKAA6IREoAEgAVccmVsYXRpdmVQYXRoWWFsaWFzRGF0YV8QIS4uLy4uLy4uLy4uL3JlZnMvcGFuY2hhbCAyMDA4LnBkZtIJFxgZV05TLmRhdGGABk8RAXoAAAAAAXoAAgAADE1hY2ludG9zaCBIRAAAAAAAAAAAAAAAAAAAAMjC8XdIKwAAAnPsHhBwYW5jaGFsIDIwMDgucGRmAAAAAAAAAAAAAAAAAAAAAAAAAAAAAAAAAAAAAAAAAAAAAAAAAAAAAAAAAAAAAAACgzdEzmKKfAAAAAAAAAAAAAQAAgAACSAAAAAAAAAAAAAAAAAAAAAEcmVmcwAQAAgAAMjDKbcAAAARAAgAAM5iwrwAAAABAAwCc+weAgKtKAAAlkIAAgA0TWFjaW50b3NoIEhEOlVzZXJzOgBlbmV3ZTEwMToAcmVmczoAcGFuY2hhbCAyMDA4LnBkZgAOACIAEABwAGEAbgBjAGgAYQBsACAAMgAwADAAOAAuAHAAZABmAA8AGgAMAE0AYQBjAGkAbgB0AG8AcwBoACAASABEABIAJFVzZXJzL2VuZXdlMTAxL3JlZnMvcGFuY2hhbCAyMDA4LnBkZgATAAEvAAAVAAIAD///AADSGxwdHlokY2xhc3NuYW1lWCRjbGFzc2VzXU5TTXV0YWJsZURhdGGjHR8gVk5TRGF0YVhOU09iamVjdNIbHCIjXE5TRGljdGlvbmFyeaIiIF8QD05TS2V5ZWRBcmNoaXZlctEmJ1Ryb290gAEACAARABoAIwAtADIANwBAAEYATQBUAFwAZwBpAGwAbgBwAHMAdQB3AIQAjgCyALcAvwDBAj8CRAJPAlgCZgJqAnECegJ/AowCjwKhAqQCqQAAAAAAAAIBAAAAAAAAACgAAAAAAAAAAAAAAAAAAAKr}}

@inproceedings{yuen2011survey,
	Author = {Yuen, Man-Ching and King, Irwin and Leung, Kwong-Sak},
	Booktitle = {Privacy, security, risk and trust (passat), 2011 ieee third international conference on and 2011 ieee third international conference on social computing (socialcom)},
	Date-Added = {2013-09-21 03:16:46 +0000},
	Date-Modified = {2014-05-06 23:10:41 +0000},
	Do-Read = {0},
	Get-Book = {1},
	Organization = {IEEE},
	Pages = {766--773},
	Title = {A survey of crowdsourcing systems},
	Year = {2011},
	Bdsk-File-1 = {YnBsaXN0MDDUAQIDBAUGJCVYJHZlcnNpb25YJG9iamVjdHNZJGFyY2hpdmVyVCR0b3ASAAGGoKgHCBMUFRYaIVUkbnVsbNMJCgsMDRBWJGNsYXNzV05TLmtleXNaTlMub2JqZWN0c4AHog4PgAKAA6IREoAEgAVccmVsYXRpdmVQYXRoWWFsaWFzRGF0YV8QHi4uLy4uLy4uLy4uL3JlZnMveXVlbiAyMDExLnBkZtIJFxgZV05TLmRhdGGABk8RAXAAAAAAAXAAAgAADE1hY2ludG9zaCBIRAAAAAAAAAAAAAAAAAAAAMjC8XdIKwAAAnPsHg15dWVuIDIwMTEucGRmAAAAAAAAAAAAAAAAAAAAAAAAAAAAAAAAAAAAAAAAAAAAAAAAAAAAAAAAAAAAAAAAAAACgzC9zmKHyAAAAAAAAAAAAAQAAgAACSAAAAAAAAAAAAAAAAAAAAAEcmVmcwAQAAgAAMjDKbcAAAARAAgAAM5iwAgAAAABAAwCc+weAgKtKAAAlkIAAgAxTWFjaW50b3NoIEhEOlVzZXJzOgBlbmV3ZTEwMToAcmVmczoAeXVlbiAyMDExLnBkZgAADgAcAA0AeQB1AGUAbgAgADIAMAAxADEALgBwAGQAZgAPABoADABNAGEAYwBpAG4AdABvAHMAaAAgAEgARAASACFVc2Vycy9lbmV3ZTEwMS9yZWZzL3l1ZW4gMjAxMS5wZGYAABMAAS8AABUAAgAP//8AANIbHB0eWiRjbGFzc25hbWVYJGNsYXNzZXNdTlNNdXRhYmxlRGF0YaMdHyBWTlNEYXRhWE5TT2JqZWN00hscIiNcTlNEaWN0aW9uYXJ5oiIgXxAPTlNLZXllZEFyY2hpdmVy0SYnVHJvb3SAAQAIABEAGgAjAC0AMgA3AEAARgBNAFQAXABnAGkAbABuAHAAcwB1AHcAhACOAK8AtAC8AL4CMgI3AkICSwJZAl0CZAJtAnICfwKCApQClwKcAAAAAAAAAgEAAAAAAAAAKAAAAAAAAAAAAAAAAAAAAp4=}}

@inproceedings{dipalantino2009crowdsourcing,
	Author = {DiPalantino, Dominic and Vojnovic, Milan},
	Booktitle = {Proceedings of the 10th ACM conference on Electronic commerce},
	Date-Added = {2013-09-21 02:59:06 +0000},
	Date-Modified = {2014-05-06 23:10:36 +0000},
	Do-Read = {0},
	Organization = {ACM},
	Pages = {119--128},
	Title = {Crowdsourcing and all-pay auctions},
	Year = {2009},
	Bdsk-File-1 = {YnBsaXN0MDDUAQIDBAUGJCVYJHZlcnNpb25YJG9iamVjdHNZJGFyY2hpdmVyVCR0b3ASAAGGoKgHCBMUFRYaIVUkbnVsbNMJCgsMDRBWJGNsYXNzV05TLmtleXNaTlMub2JqZWN0c4AHog4PgAKAA6IREoAEgAVccmVsYXRpdmVQYXRoWWFsaWFzRGF0YV8QJS4uLy4uLy4uLy4uL3JlZnMvZGlwYWxhbnRpbm8gMjAwOS5wZGbSCRcYGVdOUy5kYXRhgAZPEQGKAAAAAAGKAAIAAAxNYWNpbnRvc2ggSEQAAAAAAAAAAAAAAAAAAADIwvF3SCsAAAJz7B4UZGlwYWxhbnRpbm8gMjAwOS5wZGYAAAAAAAAAAAAAAAAAAAAAAAAAAAAAAAAAAAAAAAAAAAAAAAAAAAAAAAAAAoMos85ig44AAAAAAAAAAAAEAAIAAAkgAAAAAAAAAAAAAAAAAAAABHJlZnMAEAAIAADIwym3AAAAEQAIAADOYrvOAAAAAQAMAnPsHgICrSgAAJZCAAIAOE1hY2ludG9zaCBIRDpVc2VyczoAZW5ld2UxMDE6AHJlZnM6AGRpcGFsYW50aW5vIDIwMDkucGRmAA4AKgAUAGQAaQBwAGEAbABhAG4AdABpAG4AbwAgADIAMAAwADkALgBwAGQAZgAPABoADABNAGEAYwBpAG4AdABvAHMAaAAgAEgARAASAChVc2Vycy9lbmV3ZTEwMS9yZWZzL2RpcGFsYW50aW5vIDIwMDkucGRmABMAAS8AABUAAgAP//8AANIbHB0eWiRjbGFzc25hbWVYJGNsYXNzZXNdTlNNdXRhYmxlRGF0YaMdHyBWTlNEYXRhWE5TT2JqZWN00hscIiNcTlNEaWN0aW9uYXJ5oiIgXxAPTlNLZXllZEFyY2hpdmVy0SYnVHJvb3SAAQAIABEAGgAjAC0AMgA3AEAARgBNAFQAXABnAGkAbABuAHAAcwB1AHcAhACOALYAuwDDAMUCUwJYAmMCbAJ6An4ChQKOApMCoAKjArUCuAK9AAAAAAAAAgEAAAAAAAAAKAAAAAAAAAAAAAAAAAAAAr8=}}

@article{wuevaluation,
	Author = {Wu, Wenjun and Tsai, Wei-Tek and Li, Wei},
	Date-Added = {2013-09-21 02:56:35 +0000},
	Date-Modified = {2014-05-06 23:10:42 +0000},
	Do-Read = {0},
	Journal = {Frontiers of Computer Science},
	Pages = {1--16},
	Publisher = {Springer},
	Title = {An evaluation framework for software crowdsourcing},
	Bdsk-File-1 = {YnBsaXN0MDDUAQIDBAUGJCVYJHZlcnNpb25YJG9iamVjdHNZJGFyY2hpdmVyVCR0b3ASAAGGoKgHCBMUFRYaIVUkbnVsbNMJCgsMDRBWJGNsYXNzV05TLmtleXNaTlMub2JqZWN0c4AHog4PgAKAA6IREoAEgAVccmVsYXRpdmVQYXRoWWFsaWFzRGF0YV8QHC4uLy4uLy4uLy4uL3JlZnMvd3UgMjAxMy5wZGbSCRcYGVdOUy5kYXRhgAZPEQFoAAAAAAFoAAIAAAxNYWNpbnRvc2ggSEQAAAAAAAAAAAAAAAAAAADIwvF3SCsAAAJz7B4Ld3UgMjAxMy5wZGYAAAAAAAAAAAAAAAAAAAAAAAAAAAAAAAAAAAAAAAAAAAAAAAAAAAAAAAAAAAAAAAAAAAAAAoMnWs5igxAAAAAAAAAAAAAEAAIAAAkgAAAAAAAAAAAAAAAAAAAABHJlZnMAEAAIAADIwym3AAAAEQAIAADOYrtQAAAAAQAMAnPsHgICrSgAAJZCAAIAL01hY2ludG9zaCBIRDpVc2VyczoAZW5ld2UxMDE6AHJlZnM6AHd1IDIwMTMucGRmAAAOABgACwB3AHUAIAAyADAAMQAzAC4AcABkAGYADwAaAAwATQBhAGMAaQBuAHQAbwBzAGgAIABIAEQAEgAfVXNlcnMvZW5ld2UxMDEvcmVmcy93dSAyMDEzLnBkZgAAEwABLwAAFQACAA///wAA0hscHR5aJGNsYXNzbmFtZVgkY2xhc3Nlc11OU011dGFibGVEYXRhox0fIFZOU0RhdGFYTlNPYmplY3TSGxwiI1xOU0RpY3Rpb25hcnmiIiBfEA9OU0tleWVkQXJjaGl2ZXLRJidUcm9vdIABAAgAEQAaACMALQAyADcAQABGAE0AVABcAGcAaQBsAG4AcABzAHUAdwCEAI4ArQCyALoAvAIoAi0COAJBAk8CUwJaAmMCaAJ1AngCigKNApIAAAAAAAACAQAAAAAAAAAoAAAAAAAAAAAAAAAAAAAClA==}}

@inproceedings{ranade2012crowdsource,
	Author = {Ranade, Gireeja and Varshney, Lav R},
	Booktitle = {Workshops at the Twenty-Sixth AAAI Conference on Artificial Intelligence},
	Date-Added = {2013-09-21 02:54:37 +0000},
	Date-Modified = {2014-05-06 23:10:38 +0000},
	Do-Read = {0},
	Get-Book = {1},
	Title = {To Crowdsource or not to Crowdsource?},
	Year = {2012},
	Bdsk-File-1 = {YnBsaXN0MDDUAQIDBAUGJCVYJHZlcnNpb25YJG9iamVjdHNZJGFyY2hpdmVyVCR0b3ASAAGGoKgHCBMUFRYaIVUkbnVsbNMJCgsMDRBWJGNsYXNzV05TLmtleXNaTlMub2JqZWN0c4AHog4PgAKAA6IREoAEgAVccmVsYXRpdmVQYXRoWWFsaWFzRGF0YV8QIC4uLy4uLy4uLy4uL3JlZnMvcmFuYWRlIDIwMTIucGRm0gkXGBlXTlMuZGF0YYAGTxEBeAAAAAABeAACAAAMTWFjaW50b3NoIEhEAAAAAAAAAAAAAAAAAAAAyMLxd0grAAACc+weD3JhbmFkZSAyMDEyLnBkZgAAAAAAAAAAAAAAAAAAAAAAAAAAAAAAAAAAAAAAAAAAAAAAAAAAAAAAAAAAAAAAAAKDJn/OYoKTAAAAAAAAAAAABAACAAAJIAAAAAAAAAAAAAAAAAAAAARyZWZzABAACAAAyMMptwAAABEACAAAzmK60wAAAAEADAJz7B4CAq0oAACWQgACADNNYWNpbnRvc2ggSEQ6VXNlcnM6AGVuZXdlMTAxOgByZWZzOgByYW5hZGUgMjAxMi5wZGYAAA4AIAAPAHIAYQBuAGEAZABlACAAMgAwADEAMgAuAHAAZABmAA8AGgAMAE0AYQBjAGkAbgB0AG8AcwBoACAASABEABIAI1VzZXJzL2VuZXdlMTAxL3JlZnMvcmFuYWRlIDIwMTIucGRmAAATAAEvAAAVAAIAD///AADSGxwdHlokY2xhc3NuYW1lWCRjbGFzc2VzXU5TTXV0YWJsZURhdGGjHR8gVk5TRGF0YVhOU09iamVjdNIbHCIjXE5TRGljdGlvbmFyeaIiIF8QD05TS2V5ZWRBcmNoaXZlctEmJ1Ryb290gAEACAARABoAIwAtADIANwBAAEYATQBUAFwAZwBpAGwAbgBwAHMAdQB3AIQAjgCxALYAvgDAAjwCQQJMAlUCYwJnAm4CdwJ8AokCjAKeAqECpgAAAAAAAAIBAAAAAAAAACgAAAAAAAAAAAAAAAAAAAKo}}

@inproceedings{zhang2012reputation,
	Author = {Zhang, Yu and van der Schaar, Mihaela},
	Booktitle = {INFOCOM, 2012 Proceedings IEEE},
	Date-Added = {2013-09-21 02:53:06 +0000},
	Date-Modified = {2014-05-06 23:10:40 +0000},
	Do-Read = {0},
	Get-Book = {1},
	Organization = {IEEE},
	Pages = {2140--2148},
	Title = {Reputation-based incentive protocols in crowdsourcing applications},
	Year = {2012},
	Bdsk-File-1 = {YnBsaXN0MDDUAQIDBAUGJCVYJHZlcnNpb25YJG9iamVjdHNZJGFyY2hpdmVyVCR0b3ASAAGGoKgHCBMUFRYaIVUkbnVsbNMJCgsMDRBWJGNsYXNzV05TLmtleXNaTlMub2JqZWN0c4AHog4PgAKAA6IREoAEgAVccmVsYXRpdmVQYXRoWWFsaWFzRGF0YV8QHy4uLy4uLy4uLy4uL3JlZnMvemhhbmcgMjAxMi5wZGbSCRcYGVdOUy5kYXRhgAZPEQFyAAAAAAFyAAIAAAxNYWNpbnRvc2ggSEQAAAAAAAAAAAAAAAAAAADIwvF3SCsAAAJz7B4OemhhbmcgMjAxMi5wZGYAAAAAAAAAAAAAAAAAAAAAAAAAAAAAAAAAAAAAAAAAAAAAAAAAAAAAAAAAAAAAAAAAAoMlhc5igjQAAAAAAAAAAAAEAAIAAAkgAAAAAAAAAAAAAAAAAAAABHJlZnMAEAAIAADIwym3AAAAEQAIAADOYrp0AAAAAQAMAnPsHgICrSgAAJZCAAIAMk1hY2ludG9zaCBIRDpVc2VyczoAZW5ld2UxMDE6AHJlZnM6AHpoYW5nIDIwMTIucGRmAA4AHgAOAHoAaABhAG4AZwAgADIAMAAxADIALgBwAGQAZgAPABoADABNAGEAYwBpAG4AdABvAHMAaAAgAEgARAASACJVc2Vycy9lbmV3ZTEwMS9yZWZzL3poYW5nIDIwMTIucGRmABMAAS8AABUAAgAP//8AANIbHB0eWiRjbGFzc25hbWVYJGNsYXNzZXNdTlNNdXRhYmxlRGF0YaMdHyBWTlNEYXRhWE5TT2JqZWN00hscIiNcTlNEaWN0aW9uYXJ5oiIgXxAPTlNLZXllZEFyY2hpdmVy0SYnVHJvb3SAAQAIABEAGgAjAC0AMgA3AEAARgBNAFQAXABnAGkAbABuAHAAcwB1AHcAhACOALAAtQC9AL8CNQI6AkUCTgJcAmACZwJwAnUCggKFApcCmgKfAAAAAAAAAgEAAAAAAAAAKAAAAAAAAAAAAAAAAAAAAqE=}}

@inproceedings{archak2009optimal,
	Author = {Archak, Nikolay and Sundararajan, Arun},
	Booktitle = {ICIS},
	Date-Added = {2013-09-21 02:51:05 +0000},
	Date-Modified = {2014-05-06 23:10:35 +0000},
	Do-Read = {0},
	Get-Book = {1},
	Pages = {200},
	Title = {Optimal Design of Crowdsourcing Contests.},
	Year = {2009},
	Bdsk-File-1 = {YnBsaXN0MDDUAQIDBAUGJCVYJHZlcnNpb25YJG9iamVjdHNZJGFyY2hpdmVyVCR0b3ASAAGGoKgHCBMUFRYaIVUkbnVsbNMJCgsMDRBWJGNsYXNzV05TLmtleXNaTlMub2JqZWN0c4AHog4PgAKAA6IREoAEgAVccmVsYXRpdmVQYXRoWWFsaWFzRGF0YV8QIC4uLy4uLy4uLy4uL3JlZnMvYXJjaGFrIDIwMDkucGRm0gkXGBlXTlMuZGF0YYAGTxEBeAAAAAABeAACAAAMTWFjaW50b3NoIEhEAAAAAAAAAAAAAAAAAAAAyMLxd0grAAACc+weD2FyY2hhayAyMDA5LnBkZgAAAAAAAAAAAAAAAAAAAAAAAAAAAAAAAAAAAAAAAAAAAAAAAAAAAAAAAAAAAAAAAAKDIzrOYoGrAAAAAAAAAAAABAACAAAJIAAAAAAAAAAAAAAAAAAAAARyZWZzABAACAAAyMMptwAAABEACAAAzmK56wAAAAEADAJz7B4CAq0oAACWQgACADNNYWNpbnRvc2ggSEQ6VXNlcnM6AGVuZXdlMTAxOgByZWZzOgBhcmNoYWsgMjAwOS5wZGYAAA4AIAAPAGEAcgBjAGgAYQBrACAAMgAwADAAOQAuAHAAZABmAA8AGgAMAE0AYQBjAGkAbgB0AG8AcwBoACAASABEABIAI1VzZXJzL2VuZXdlMTAxL3JlZnMvYXJjaGFrIDIwMDkucGRmAAATAAEvAAAVAAIAD///AADSGxwdHlokY2xhc3NuYW1lWCRjbGFzc2VzXU5TTXV0YWJsZURhdGGjHR8gVk5TRGF0YVhOU09iamVjdNIbHCIjXE5TRGljdGlvbmFyeaIiIF8QD05TS2V5ZWRBcmNoaXZlctEmJ1Ryb290gAEACAARABoAIwAtADIANwBAAEYATQBUAFwAZwBpAGwAbgBwAHMAdQB3AIQAjgCxALYAvgDAAjwCQQJMAlUCYwJnAm4CdwJ8AokCjAKeAqECpgAAAAAAAAIBAAAAAAAAACgAAAAAAAAAAAAAAAAAAAKo}}

@article{kazai2013analysis,
	Author = {Kazai, Gabriella and Kamps, Jaap and Milic-Frayling, Natasa},
	Date-Added = {2013-09-21 02:09:00 +0000},
	Date-Modified = {2014-05-06 23:10:30 +0000},
	Do-Read = {0},
	Get-Book = {1},
	Journal = {Information Retrieval},
	Pages = {1--41},
	Publisher = {Springer},
	Title = {An analysis of human factors and label accuracy in crowdsourcing relevance judgments},
	Year = {2013},
	Bdsk-File-1 = {YnBsaXN0MDDUAQIDBAUGJCVYJHZlcnNpb25YJG9iamVjdHNZJGFyY2hpdmVyVCR0b3ASAAGGoKgHCBMUFRYaIVUkbnVsbNMJCgsMDRBWJGNsYXNzV05TLmtleXNaTlMub2JqZWN0c4AHog4PgAKAA6IREoAEgAVccmVsYXRpdmVQYXRoWWFsaWFzRGF0YV8QHy4uLy4uLy4uLy4uL3JlZnMva2F6YWkgMjAxMy5wZGbSCRcYGVdOUy5kYXRhgAZPEQFyAAAAAAFyAAIAAAxNYWNpbnRvc2ggSEQAAAAAAAAAAAAAAAAAAADIwvF3SCsAAAJz7B4Oa2F6YWkgMjAxMy5wZGYAAAAAAAAAAAAAAAAAAAAAAAAAAAAAAAAAAAAAAAAAAAAAAAAAAAAAAAAAAAAAAAAAAoMdBc5id60AAAAAAAAAAAAEAAIAAAkgAAAAAAAAAAAAAAAAAAAABHJlZnMAEAAIAADIwym3AAAAEQAIAADOYq/tAAAAAQAMAnPsHgICrSgAAJZCAAIAMk1hY2ludG9zaCBIRDpVc2VyczoAZW5ld2UxMDE6AHJlZnM6AGthemFpIDIwMTMucGRmAA4AHgAOAGsAYQB6AGEAaQAgADIAMAAxADMALgBwAGQAZgAPABoADABNAGEAYwBpAG4AdABvAHMAaAAgAEgARAASACJVc2Vycy9lbmV3ZTEwMS9yZWZzL2themFpIDIwMTMucGRmABMAAS8AABUAAgAP//8AANIbHB0eWiRjbGFzc25hbWVYJGNsYXNzZXNdTlNNdXRhYmxlRGF0YaMdHyBWTlNEYXRhWE5TT2JqZWN00hscIiNcTlNEaWN0aW9uYXJ5oiIgXxAPTlNLZXllZEFyY2hpdmVy0SYnVHJvb3SAAQAIABEAGgAjAC0AMgA3AEAARgBNAFQAXABnAGkAbABuAHAAcwB1AHcAhACOALAAtQC9AL8CNQI6AkUCTgJcAmACZwJwAnUCggKFApcCmgKfAAAAAAAAAgEAAAAAAAAAKAAAAAAAAAAAAAAAAAAAAqE=}}

@inproceedings{jain2009role,
	Author = {Jain, Shaili and Parkes, David C},
	Booktitle = {Proceedings of the ACM SIGKDD Workshop on Human Computation},
	Date-Added = {2013-09-21 01:13:35 +0000},
	Date-Modified = {2014-05-06 23:10:31 +0000},
	Do-Read = {0},
	Get-Book = {1},
	Organization = {ACM},
	Pages = {58--61},
	Title = {The role of game theory in human computation systems},
	Year = {2009},
	Bdsk-File-1 = {YnBsaXN0MDDUAQIDBAUGJCVYJHZlcnNpb25YJG9iamVjdHNZJGFyY2hpdmVyVCR0b3ASAAGGoKgHCBMUFRYaIVUkbnVsbNMJCgsMDRBWJGNsYXNzV05TLmtleXNaTlMub2JqZWN0c4AHog4PgAKAA6IREoAEgAVccmVsYXRpdmVQYXRoWWFsaWFzRGF0YV8QHi4uLy4uLy4uLy4uL3JlZnMvamFpbiAyMDA5LnBkZtIJFxgZV05TLmRhdGGABk8RAXAAAAAAAXAAAgAADE1hY2ludG9zaCBIRAAAAAAAAAAAAAAAAAAAAMjC8XdIKwAAAnPsHg1qYWluIDIwMDkucGRmAAAAAAAAAAAAAAAAAAAAAAAAAAAAAAAAAAAAAAAAAAAAAAAAAAAAAAAAAAAAAAAAAAACg1ygzmJq4VBERiAAAAAAAAQAAgAACSAAAAAAAAAAAAAAAAAAAAAEcmVmcwAQAAgAAMjDKbcAAAARAAgAAM5ioyEAAAABAAwCc+weAgKtKAAAlkIAAgAxTWFjaW50b3NoIEhEOlVzZXJzOgBlbmV3ZTEwMToAcmVmczoAamFpbiAyMDA5LnBkZgAADgAcAA0AagBhAGkAbgAgADIAMAAwADkALgBwAGQAZgAPABoADABNAGEAYwBpAG4AdABvAHMAaAAgAEgARAASACFVc2Vycy9lbmV3ZTEwMS9yZWZzL2phaW4gMjAwOS5wZGYAABMAAS8AABUAAgAP//8AANIbHB0eWiRjbGFzc25hbWVYJGNsYXNzZXNdTlNNdXRhYmxlRGF0YaMdHyBWTlNEYXRhWE5TT2JqZWN00hscIiNcTlNEaWN0aW9uYXJ5oiIgXxAPTlNLZXllZEFyY2hpdmVy0SYnVHJvb3SAAQAIABEAGgAjAC0AMgA3AEAARgBNAFQAXABnAGkAbABuAHAAcwB1AHcAhACOAK8AtAC8AL4CMgI3AkICSwJZAl0CZAJtAnICfwKCApQClwKcAAAAAAAAAgEAAAAAAAAAKAAAAAAAAAAAAAAAAAAAAp4=}}

@inproceedings{horton2010labor,
	Author = {Horton, John Joseph and Chilton, Lydia B},
	Booktitle = {Proceedings of the 11th ACM conference on Electronic commerce},
	Date-Added = {2013-09-21 01:11:50 +0000},
	Date-Modified = {2014-05-06 23:10:32 +0000},
	Do-Read = {0},
	Get-Book = {1},
	Organization = {ACM},
	Pages = {209--218},
	Title = {The labor economics of paid crowdsourcing},
	Year = {2010},
	Bdsk-File-1 = {YnBsaXN0MDDUAQIDBAUGJCVYJHZlcnNpb25YJG9iamVjdHNZJGFyY2hpdmVyVCR0b3ASAAGGoKgHCBMUFRYaIVUkbnVsbNMJCgsMDRBWJGNsYXNzV05TLmtleXNaTlMub2JqZWN0c4AHog4PgAKAA6IREoAEgAVccmVsYXRpdmVQYXRoWWFsaWFzRGF0YV8QIC4uLy4uLy4uLy4uL3JlZnMvaG9ydG9uIDIwMTAucGRm0gkXGBlXTlMuZGF0YYAGTxEBeAAAAAABeAACAAAMTWFjaW50b3NoIEhEAAAAAAAAAAAAAAAAAAAAyMLxd0grAAACc+weD2hvcnRvbiAyMDEwLnBkZgAAAAAAAAAAAAAAAAAAAAAAAAAAAAAAAAAAAAAAAAAAAAAAAAAAAAAAAAAAAAAAAAKDD1XOYmq2UERGIAAAAAAABAACAAAJIAAAAAAAAAAAAAAAAAAAAARyZWZzABAACAAAyMMptwAAABEACAAAzmKi9gAAAAEADAJz7B4CAq0oAACWQgACADNNYWNpbnRvc2ggSEQ6VXNlcnM6AGVuZXdlMTAxOgByZWZzOgBob3J0b24gMjAxMC5wZGYAAA4AIAAPAGgAbwByAHQAbwBuACAAMgAwADEAMAAuAHAAZABmAA8AGgAMAE0AYQBjAGkAbgB0AG8AcwBoACAASABEABIAI1VzZXJzL2VuZXdlMTAxL3JlZnMvaG9ydG9uIDIwMTAucGRmAAATAAEvAAAVAAIAD///AADSGxwdHlokY2xhc3NuYW1lWCRjbGFzc2VzXU5TTXV0YWJsZURhdGGjHR8gVk5TRGF0YVhOU09iamVjdNIbHCIjXE5TRGljdGlvbmFyeaIiIF8QD05TS2V5ZWRBcmNoaXZlctEmJ1Ryb290gAEACAARABoAIwAtADIANwBAAEYATQBUAFwAZwBpAGwAbgBwAHMAdQB3AIQAjgCxALYAvgDAAjwCQQJMAlUCYwJnAm4CdwJ8AokCjAKeAqECpgAAAAAAAAIBAAAAAAAAACgAAAAAAAAAAAAAAAAAAAKo}}

@article{halfaker2013rise,
	Author = {Halfaker, Aaron and Geiger, R Stuart and Morgan, Jonathan T and Riedl, John},
	Date-Added = {2013-09-19 17:18:39 +0000},
	Date-Modified = {2014-05-06 23:10:33 +0000},
	Do-Read = {0},
	Get-Book = {1},
	Journal = {American Behavioral Scientist},
	Number = {5},
	Pages = {664--688},
	Publisher = {SAGE Publications},
	Title = {The Rise and Decline of an Open Collaboration System How Wikipedias Reaction to Popularity Is Causing Its Decline},
	Volume = {57},
	Year = {2013},
	Bdsk-File-1 = {YnBsaXN0MDDUAQIDBAUGJCVYJHZlcnNpb25YJG9iamVjdHNZJGFyY2hpdmVyVCR0b3ASAAGGoKgHCBMUFRYaIVUkbnVsbNMJCgsMDRBWJGNsYXNzV05TLmtleXNaTlMub2JqZWN0c4AHog4PgAKAA6IREoAEgAVccmVsYXRpdmVQYXRoWWFsaWFzRGF0YV8QIi4uLy4uLy4uLy4uL3JlZnMvaGFsZmFrZXIgMjAxMy5wZGbSCRcYGVdOUy5kYXRhgAZPEQGAAAAAAAGAAAIAAAxNYWNpbnRvc2ggSEQAAAAAAAAAAAAAAAAAAADIwvF3SCsAAAJz7B4RaGFsZmFrZXIgMjAxMy5wZGYAAAAAAAAAAAAAAAAAAAAAAAAAAAAAAAAAAAAAAAAAAAAAAAAAAAAAAAAAAAAAAoKtW85gqcEAAAAAAAAAAAAEAAIAAAkgAAAAAAAAAAAAAAAAAAAABHJlZnMAEAAIAADIwym3AAAAEQAIAADOYOIBAAAAAQAMAnPsHgICrSgAAJZCAAIANU1hY2ludG9zaCBIRDpVc2VyczoAZW5ld2UxMDE6AHJlZnM6AGhhbGZha2VyIDIwMTMucGRmAAAOACQAEQBoAGEAbABmAGEAawBlAHIAIAAyADAAMQAzAC4AcABkAGYADwAaAAwATQBhAGMAaQBuAHQAbwBzAGgAIABIAEQAEgAlVXNlcnMvZW5ld2UxMDEvcmVmcy9oYWxmYWtlciAyMDEzLnBkZgAAEwABLwAAFQACAA///wAA0hscHR5aJGNsYXNzbmFtZVgkY2xhc3Nlc11OU011dGFibGVEYXRhox0fIFZOU0RhdGFYTlNPYmplY3TSGxwiI1xOU0RpY3Rpb25hcnmiIiBfEA9OU0tleWVkQXJjaGl2ZXLRJidUcm9vdIABAAgAEQAaACMALQAyADcAQABGAE0AVABcAGcAaQBsAG4AcABzAHUAdwCEAI4AswC4AMAAwgJGAksCVgJfAm0CcQJ4AoEChgKTApYCqAKrArAAAAAAAAACAQAAAAAAAAAoAAAAAAAAAAAAAAAAAAACsg==}}
